3163 5314
822 478 905 546 118

817 665 958 733 Sive
1016 685 1163 751 opus
1218 665 1274 729 in
1329 684 1537 746 mores,
1590 665 1645 728 in
1697 662 1919 747 luxum,
1969 665 2027 729 in
2074 663 2310 754 prandia
2364 687 2568 757 regum

820 785 1043 865 Dicere,
1091 802 1184 846 res
1238 779 1487 867 grandes
1536 793 1732 846 nostro
1784 779 1887 847 dat
1936 781 2101 847 Musa
2156 794 2359 870 poetae.

816 902 969 965 Ecce
1023 897 1192 963 modo
1248 899 1455 963 heroas
1504 918 1713 963 sensus
1759 897 1970 964 afferre
2014 899 2284 967 videmus
2331 968 2336 972 ,

716 1039 765 1074 πο
816 1017 1032 1103 Nugari
1080 1014 1278 1081 solitos
1328 1013 1554 1097 Graece,
1605 1036 1713 1081 nec
1761 1037 1972 1104 ponere
2022 1015 2220 1082 lucum

813 1133 1096 1215 Artifices,
1146 1153 1255 1197 nec
1306 1154 1404 1197 rus
1447 1146 1716 1202 saturum
1765 1132 2019 1216 laudare,
2072 1133 2171 1200 ubi
2222 1133 2450 1216 corbes,

817 1251 891 1315 Et
942 1249 1102 1315 focus
1154 1262 1214 1315 et
1266 1251 1421 1338 porci
1472 1264 1534 1314 et
1589 1250 1812 1316 fumosa
1863 1249 2058 1321 Palilia
2115 1251 2296 1336 foeno,

819 1365 988 1433 Unde
1046 1369 1264 1433 Remus
1311 1366 1592 1455 sulcoque
1644 1380 1837 1432 terens
1887 1366 2156 1452 dentalia,
2207 1369 2462 1452 Quincti,

816 1488 1007 1565 Quem
1059 1484 1278 1572 trepida
1326 1497 1461 1549 ante
1515 1482 1696 1549 boves
1736 1483 2083 1551 dictaturam
2134 1486 2319 1554 induit
2369 1510 2532 1572 uxor,

713 1626 760 1661 τε
817 1604 891 1668 Et
935 1616 1032 1669 tua
1087 1613 1277 1667 aratra
1327 1599 1565 1666 domum
1625 1599 1791 1666 lictor
1841 1600 1989 1667 tulit.
2095 1605 2257 1691 Euge
2302 1607 2498 1694 poeta!

813 1722 920 1786 Est
970 1740 1144 1801 nunc,
1198 1720 1399 1785 Brisaei
1448 1740 1625 1807 quem
1680 1740 1933 1784 venosus
1980 1718 2125 1785 liber
2171 1724 2326 1806 Acci,

809 1838 961 1903 Sunt
1009 1857 1157 1926 quos
1207 1838 1619 1924 Pacuviusque
1668 1848 1730 1901 et
1780 1856 2091 1903 verrucosa
2135 1851 2392 1907 moretur

809 1956 1072 2043 Antiopa,
1126 1955 1402 2028 aerumnis
1453 1975 1552 2020 cor
1604 1951 1970 2019 luctificabile
2023 1952 2182 2021 fulta.

808 2191 926 2256 Hos
972 2194 1165 2278 pueris
1213 2192 1462 2255 monitus
1519 2201 1714 2277 patres
1765 2188 2067 2254 infundere
2122 2189 2306 2278 lippos

702 2328 754 2366 so
806 2307 1004 2385 Quum
1065 2306 1280 2391 videaS,
1329 2308 1622 2395 quaerisne
1673 2306 1827 2372 unde
1872 2307 2001 2375 haec
2048 2319 2280 2396 sartago
2327 2308 2596 2399 loquendi

805 2424 1043 2491 Venerit
1092 2426 1150 2490 in
1201 2425 1444 2512 linguae,
1495 2423 1652 2491 unde
1697 2423 1866 2501 istud«
1904 2424 2177 2510 dedecuS,
2225 2429 2280 2491 in
2323 2448 2442 2518 quo

803 2542 1107 2609 Trossulus
1160 2542 1416 2609 exsultat
1463 2542 1564 2634 tibi
1618 2563 1720 2630 per
1770 2541 2046 2611 subsellia
2097 2542 2291 2609 levis?

803 2662 894 2726 Nil
951 2684 1023 2726 ne
1070 2657 1251 2749 pudet
1295 2662 1469 2748 capiti
1522 2681 1635 2725 non
1687 2682 1858 2748 posse
1912 2662 2163 2749 pericula
2219 2684 2366 2727 cano

802 2778 1040 2862 Pellere,
1092 2781 1232 2867 quin
1279 2778 1538 2866 tepidum
1589 2777 1699 2844 hoc
1750 2792 1918 2868 optes
1962 2780 2164 2846 audire
2213 2781 2539 2847 decenter!

699 2918 748 2955 ss
801 2898 920 2962 Fur
969 2917 1050 2979 eS,
1098 2901 1200 2979 ait,
1251 2896 1443 2962 Pedio.
1527 2896 1738 2964 Pedius
1786 2895 1973 2987 quid?
2043 2897 2294 2963 Crimina
2344 2898 2488 2962 rasis

706 3053 711 3057 -
803 3013 1004 3081 Librat
1057 3016 1112 3079 in
1166 3009 1496 3080 antithetis:
1550 3014 1752 3080 doctas
1799 3015 2058 3103 posuisse
2109 3013 2325 3103 figuras
2440 3004 2443 3007 ⁴

801 3132 1122 3199 Laudatur:
1175 3131 1424 3198 »bellum
1479 3132 1635 3198 hoc».
1688 3130 2127 3230 HEQ.„Q¹Q?
2198 3135 2290 3200 An
2344 3132 2588 3201 Romule
2637 3155 2831 3202 neves,

760 3369 930 3464 ‘Men
984 3382 1234 3453 moveat,
1285 3371 1501 3458 quippe
1543 3379 1623 3452 et,
1672 3380 1866 3434 cantet
1911 3371 1962 3435 si
2022 3369 2348 3459 naufraguS,
2398 3391 2607 3452 assem,

800 3601 1187 3668 protulerim?
1249 3602 1478 3686 Cantas,
1529 3624 1731 3691 quum,
1780 3603 1960 3669 fracta
2021 3608 2178 3669 te·in
2232 3602 2397 3670 trabe
2453 3607 2673 3693 pictum

696 3740 746 3778 ⁹0
799 3720 887 3785 Ex
948 3720 1193 3786 humero
1237 3731 1445 3808 portes.
1523 3719 1740 3787 Verum
1792 3741 1903 3787 nec
1955 3715 2127 3798 nocte
2180 3735 2449 3810 paratum

794 3955 1069 4040 Plorabit,
1119 3958 1219 4044 qui
1273 3977 1365 4021 me
1421 3955 1575 4022 volet
1620 3959 1957 4024 incurvasse
1997 3957 2252 4047 querela.

674 4150 686 4161 ,
794 4075 910 4141 Sed
965 4077 1223 4161 numer-is
1272 4072 1447 4139 decor
1498 4087 1590 4140 est
1640 4089 1701 4140 et
1744 4076 2014 4163 junctura
2070 4075 2265 4152 addita
2318 4075 2530 4143 crudis.

793 4192 1076 4261 Claudere
1126 4195 1212 4258 sic
1264 4213 1500 4259 versum
1554 4193 1782 4266 didicit:
1838 4194 2293 4284 »Berecynthius
2348 4193 2501 4261 Attis
