3163 5314
873 440 956 506 50

863 645 1082 710 Doctus
1141 648 1202 702 et
1251 638 1496 726 ingenuo
1544 635 1775 728 culpam
1824 637 2074 727 defigere
2124 637 2274 706 ludo.

780 756 788 763 ’
866 763 1025 830 Hinc
1069 756 1262 841 trahe,
1305 776 1441 844 quae
1489 753 1676 840 dicas,
1727 777 2071 848 mensasque
2119 756 2376 846 relinque
2435 760 2706 850 Mycenis

860 879 1009 948 Cum
1061 876 1249 964 capite
1298 887 1358 939 et
1405 872 1647 963 pedibus
1698 872 2036 964 plebeioque
2074 875 2308 964 prandia
2364 880 2533 945 noris·

858 999 985 1065 Non
1033 991 1302 1082 equidem
1353 992 1462 1058 hoc
1509 991 1744 1076 studeo,
1780 991 2013 1059 bullatis
2058 1008 2124 1060 ut
2178 995 2315 1062 mihi
2367 1002 2531 1087 nugis

789 1254 841 1292 ω
868 1232 1078 1319 Pagina
1130 1239 1424 1316 turgescat
1475 1228 1615 1295 dare
1663 1227 1886 1318 pondus
1934 1226 2132 1294 idonea
2184 1228 2358 1297 fumo.

862 1347 1080 1416 Secreti
1126 1343 1437 1434 loquimur:
1490 1344 1595 1413 tibi
1646 1369 1799 1414 nunc
1851 1348 2113 1414 hortante
2162 1345 2410 1416 Camena

867 1463 1224 1533 Excutienda
1275 1463 1483 1531 damus
1535 1464 1868 1554 praecordia,
1906 1478 2241 1555 quantaque
2290 1480 2503 1534 nostrae

864 1587 1005 1652 Pars
1043 1596 1142 1649 tua
1193 1584 1299 1665 sit,
1350 1582 1629 1667 Cornuto,
1677 1587 1887 1651 animae
1938 1582 2077 1667 tibi,
2129 1582 2315 1650 dulcis
2360 1589 2581 1669 amice,

865 1700 1207 1770 Ostendisse
1247 1702 1445 1789 juvat:
1502 1700 1664 1789 pulsa
1718 1702 2053 1791 dignoscere
2102 1717 2343 1787 cautuS,

797 1961 845 1999 2⁵
868 1938 1021 2017 Quid
1077 1935 1327 2004 solidum
1373 1948 1571 2026 crepet
1615 1947 1676 2001 et
1723 1937 1896 2023 pictae
1953 1938 2188 2003 tectoria
2241 1935 2469 2026 linguae.

872 2056 978 2122 His
1028 2076 1136 2144 ego
1179 2066 1451 2121 centenas
1499 2056 1684 2120 ausim
1736 2053 2049 2142 deposcere
2107 2075 2314 2138 voceS,

866 2171 977 2257 Ut,
1023 2187 1305 2262 quantum
1361 2172 1499 2239 mihi
1541 2186 1603 2240 te
1647 2174 1878 2238 sinuoso
1920 2174 1976 2238 in
2028 2185 2261 2261 pectore
2311 2171 2438 2256 fixi,

872 2409 1024 2475 Voce
1074 2408 1299 2476 traham
1355 2430 1497 2498 pura
1550 2420 1851 2497 totumque
1900 2407 2009 2474 hoc
2061 2406 2238 2473 verba
2293 2408 2616 2494 resignent,

868 2526 1040 2606 Quod
1085 2525 1224 2593 latet
1272 2548 1480 2593 arcana
1531 2548 1642 2592 non
1695 2524 2018 2594 enarrabile
2067 2525 2228 2592 fibra.

790 2668 839 2707 ου
859 2645 1056 2725 Quum
1109 2648 1356 2735 primum
1409 2643 1619 2734 pavido
1665 2657 1860 2711 custos
1912 2645 2050 2711 mihi
2109 2666 2361 2735 purpura
2412 2643 2615 2724 cessit,

871 2762 1152 2852 Bullaque
1199 2763 1508 2829 succinctis
1559 2760 1801 2829 Laribus
1850 2762 2059 2830 donata
2111 2761 2411 2853 pependit,

873 2881 1069 2961 Quum
1127 2878 1323 2947 blandi
1375 2880 1616 2945 comites
1665 2893 1900 2970 totaque
1957 2884 2192 2970 impune
2234 2879 2464 2948 Subura

875 3000 1140 3068 Permisit
1188 3000 1468 3088 sparsisse
1516 2996 1712 3064 oculos
1746 3000 1865 3087 jam
1921 2997 2201 3065 candidus
2246 2995 2450 3080 umbo,

866 3119 1180 3207 Quumque
1227 3120 1337 3183 iter
1385 3115 1722 3204 ambiguum
1772 3117 1860 3184 est
1909 3130 1972 3183 et
2026 3118 2163 3182 vitae
2206 3116 2432 3181 nescius
2481 3131 2642 3176 error

793 3258 841 3296 ³⁵
873 3235 1119 3303 Deducit
1165 3235 1416 3325 trepidas
1448 3255 1673 3301 ramosa
1719 3236 1773 3301 in
1827 3237 2072 3324 compita
2121 3246 2375 3317 mentes,

869 3355 965 3420 Me
1016 3351 1118 3418 tibi
1168 3354 1460 3442 supposui.
1562 3353 1810 3419 Teneros
1861 3366 1925 3419 tu
1974 3354 2220 3441 suscipis
2272 3371 2449 3417 annos

872 3472 1194 3556 Socratico,
1245 3470 1525 3553 Cornuto,
1576 3472 1743 3535 sinu:
1795 3483 1921 3536 tum
1976 3468 2176 3536 fallere
2222 3469 2423 3536 sollers

873 3591 1145 3680 Apposita
1200 3590 1436 3654 intortos
1482 3587 1742 3654 extendit
1789 3586 1983 3677 regula
2031 3608 2252 3669 moreS,

870 3712 942 3777 Et
998 3710 1276 3798 premitur
1327 3708 1544 3773 ratione
1594 3709 1819 3772 animus
1870 3707 2138 3794 vincique
2182 3702 2403 3769 laborat

802 3852 851 3888 ιο
879 3824 1292 3915 Artificemque
1343 3838 1442 3891 tuo
1481 3823 1643 3890 ducit
1690 3822 1802 3889 sub
1850 3822 2050 3911 pollice
2101 3822 2346 3889 vultum.

871 3949 1084 4013 Tecum
1130 3946 1344 4010 etenim
1399 3943 1596 4030 longos
1644 3942 1877 4006 memini
1918 3961 2256 4008 consumere
2304 3942 2453 4010 soles

877 4052 952 4129 Et
1002 4077 1198 4129 tecum
1243 4063 1456 4152 primas
1504 4057 1688 4148 epulis
1731 4057 2041 4147 decerpere
2090 4074 2301 4126 noctes.

873 4179 1066 4248 Unum
1123 4202 1268 4271 opus
1317 4191 1378 4245 et
1421 4178 1679 4267 requiem
1732 4177 1945 4267 pariter
2000 4175 2355 4268 disponimus
2402 4177 2581 4247 ambo
