3163 5314
790 720 907 785 Seu
956 737 1153 783 ceraso
1206 728 1446 807 peccent
1495 718 1694 800 casiae,
1748 720 1966 783 nescire
2019 732 2268 805 paratus

784 838 929 903 Haec
976 838 1167 902 cinere
1222 836 1454 903 ulterior
1496 836 1769 901 metuas?
1848 838 1922 901 Et
1971 838 2197 903 Bestius
2251 851 2416 925 urget

789 958 1065 1020 Doctores
1113 954 1343 1042 Grajos:
1397 957 1479 1020 Ita
1534 953 1625 1036 fit,
1679 968 1979 1043 postquam
2027 977 2232 1043 sapere
2282 956 2410 1023 urbi

783 1073 928 1140 Cum
984 1076 1142 1162 piper
1192 1087 1251 1138 et
1302 1074 1505 1161 palmis
1553 1080 1711 1138 venit
1764 1086 2021 1140 nostrum
2064 1074 2171 1139 boc
2224 1079 2396 1141 maris
2446 1095 2682 1163 expers;

709 1214 761 1250 ιο
792 1194 1115 1257 Foenisecae
1159 1213 1352 1257 crasso
1412 1195 1686 1258 vitiarunt
1739 1195 1988 1280 unguine
2039 1190 2244 1280 pultes.

783 1312 943 1375 Tune
993 1308 1141 1375 bona
1195 1308 1493 1375 incolumis
1544 1309 1818 1375 minuas?
1881 1313 1957 1375 At
2012 1321 2103 1393 tu,
2154 1332 2317 1376 meus
2367 1311 2533 1377 heres

779 1427 1054 1516 Quisquis
1103 1430 1245 1512 eris,
1298 1426 1551 1517 paullum
1601 1450 1635 1494 a
1688 1425 1854 1494 turba
1905 1428 2196 1494 seductior
2244 1429 2404 1495 audi!

778 1664 836 1729 Ο
893 1663 1067 1747 bone,
1122 1686 1260 1729 num
1309 1665 1565 1750 ignoraS,
1620 1665 1792 1729 missa
1842 1675 1932 1728 est
1981 1685 2013 1728 a
2067 1664 2295 1731 Caesare
2350 1665 2545 1733 laurus

776 1900 1063 1988 Insignem
1114 1899 1190 1966 ob
1241 1898 1463 1965 cladem
1512 1898 1822 1965 Germanae
1873 1898 2042 1988 pubis
2090 1916 2151 1965 et
2200 1902 2315 1966 aris

704 2040 752 2075 ω
778 2019 1043 2105 Frigidus
1089 2019 1381 2085 excutitur
1417 2019 1560 2083 cinis
1604 2031 1665 2082 et
1707 2019 1826 2106 jam
1878 2018 2138 2106 postibus
2186 2040 2379 2099 arma,

777 2142 904 2206 Jam
952 2136 1290 2227 chlamydes
1341 2158 1566 2223 regum,
1613 2138 1732 2223 jam
1786 2134 1938 2201 lutea
1992 2159 2243 2227 gausapa
2297 2140 2482 2227 captis

774 2257 1108 2346 Essedaque
1153 2259 1528 2344 ingentesque
1578 2253 1729 2320 locat
1780 2251 2034 2321 Caesonia
2094 2258 2339 2324 Rhenos.

775 2381 878 2443 Dis
919 2378 1100 2464 igitur
1147 2373 1445 2463 Genioque
1493 2371 1659 2437 ducis
1707 2384 1941 2439 centum
1997 2379 2150 2463 paria
2197 2375 2274 2442 ob
2323 2397 2415 2441 res

770 2497 1013 2582 ,Egregie
1062 2505 1253 2582 gestas
1300 2489 1521 2556 induco.
1625 2489 1772 2567 Quis
1813 2493 2020 2559 vetat?
2097 2493 2289 2559 Aude!

706 2755 758 2792 so
785 2731 915 2813 Vae,
962 2733 1067 2795 nisi
1118 2729 1417 2796 connives!
1478 2728 1690 2795 Oleum
1737 2743 2141 2822 artocreasque
2183 2732 2406 2821 popello

777 2851 1026 2935 Largior.
1126 2850 1213 2913 An
1267 2845 1580 2934 prohibes?
1655 2848 1762 2911 Dic
1810 2845 1989 2911 clare!
2073 2851 2201 2916 Non
2250 2850 2428 2935 adeo,
2471 2855 2684 2943 inquis,

770 2969 1086 3034 Exossatus
1136 2987 1273 3052 ager
1318 2966 1481 3053 juxta
1523 2977 1629 3029 est.
1727 2966 1882 3052 Age,
1923 2968 1972 3030 si
2025 2967 2163 3032 mihi
2209 2966 2362 3033 nulla

767 3089 897 3154 Jam
943 3085 1159 3174 reliqua
1214 3105 1287 3149 ex
1330 3085 1552 3167 amitis,
1597 3082 1869 3171 patruelis
1915 3082 2099 3168 nulla,
2142 3088 2431 3176 proneptis

765 3207 935 3277 Nulla
995 3215 1189 3270 manet
1228 3203 1445 3292 patrui,
1494 3201 1704 3268 sterilis
1753 3213 2062 3270 matertera
2115 3205 2292 3287 vixit,

691 3471 742 3508 ss
768 3448 970 3533 Deque
1019 3442 1148 3505 avia
1201 3435 1437 3503 nihilum
1487 3451 1785 3526 superest,
1838 3438 2054 3504 accedo
2098 3438 2349 3505 Bovillas

766 3561 1112 3648 Clivumque
1162 3555 1236 3621 a'd
1281 3553 1467 3621 Virbi:
1531 3569 1742 3643 praesto
1796 3568 1888 3652 est
1936 3557 2074 3624 mihi
2128 3560 2351 3624 Manius
2400 3555 2584 3622 heres,

766 3678 1107 3766 ”Progenies
1152 3673 1389 3739 terrael‘’
1442 3672 1656 3750 Quaere
1706 3695 1782 3739 ex
1837 3696 1958 3758 me,
2008 3678 2139 3765 quis
2193 3677 2330 3742 mihi
2374 3689 2617 3764 quartus

761 3919 851 3985 Sit
893 3928 1084 4004 pater,
1136 3908 1289 3976 haud
1328 3920 1618 3998 prompte,
1670 3907 1855 3997 dicam
1908 3923 2132 3998 tamen,
2177 3914 2327 3981 adde
2381 3917 2554 3981 etiam
2595 3937 2805 3999 unum,

761 4150 955 4218 Unum
1008 4150 1183 4215 etiam
1244 4184 1335 4199 —
1390 4158 1563 4211 terrae
1612 4159 1704 4212 aet
1749 4149 1867 4235 jam
1908 4146 2059 4215 filius
2108 4163 2170 4216 et
2217 4152 2354 4217 mibi
2405 4155 2518 4218 ritu
