3163 5314
820 487 900 551 42

834 683 991 755 ”Non
1042 686 1294 777 frigent?
1395 690 1526 757 Visa
1590 703 1681 756 est
1720 694 1769 756 si
1818 691 1966 758 forte
2014 694 2286 781 pecunia,
2334 696 2460 759 sive

739 828 811 874 no
835 807 1088 874 Candida
1142 810 1312 875 vicini
1361 807 1599 875 subrisit
1647 808 1816 875 molle
1861 809 2077 900 puella,

835 925 947 993 Cor
997 924 1099 993 tibi
1150 929 1258 993 rite
1306 926 1483 993 salit?
1553 930 1810 994 Positum
1862 941 1953 993 est
1996 926 2222 1015 algente
2267 929 2456 993 catino

847 1164 1065 1229 Durum
1117 1160 1249 1229 olus
1304 1174 1381 1229 et*
1421 1161 1612 1253 populi
1653 1163 1844 1231 cribro
1891 1163 2132 1230 decussa
2179 1162 2387 1229 farina:

839 1282 1151 1347 Tentemus
1200 1282 1428 1349 fauces:
1477 1295 1674 1349 tenero
1721 1281 1862 1349 latet
1907 1280 2096 1347 ulcus·
2117 1284 2175 1347 in
2227 1302 2326 1350 ore

841 1400 1046 1484 Putre,
1092 1398 1249 1488 quod
1303 1400 1456 1467 baud
1510 1399 1716 1467 deceat
1757 1398 1976 1489 plebeia
2040 1398 2242 1466 radere
2288 1398 2436 1465 beta.

746 1540 817 1575 m
846 1516 1052 1605 Alges,
1094 1540 1274 1607 quum
1323 1520 1579 1585 excussit
1631 1517 1904 1585 membris
1952 1520 2122 1584 timor
2172 1516 2338 1584 albus
2385 1518 2619 1598 aristas;

845 1637 1018 1702 Nunc
1084 1635 1210 1701 face
1252 1639 1545 1726 supposita
1598 1635 1869 1702 fervescit
1915 1640 2150 1724 sanguis
2196 1648 2260 1702 et
2310 1639 2392 1701 ira

846 1752 1169 1820 Scintillant
1217 1755 1396 1839 oculi,
1447 1755 1704 1844 dicisque
1753 1754 2036 1844 facisqu03
2087 1753 2239 1845 quod
2291 1755 2432 1843 ipse·

850 1873 976 1937 Non
1027 1875 1150 1938 sani
1202 1893 1333 1938 esse
1380 1873 1627 1939 hominis
1676 1894 1790 1938 non
1827 1894 2009 1939 sanus
2050 1875 2211 1963 juret
2245 1871 2505 1948 Orestes.

879 2174 940 2222 V.
975 2172 1022 2223 7.
1088 2176 1396 2226 Duentzerus
1432 2177 1573 2239 legit:
1614 2174 1791 2239 Unum,
1825 2175 1905 2224 ait
1937 2179 2003 2236 (sc
2037 2175 2366 2236 adolescens),
2404 2171 2643 2221 comitum
2670 2175 2757 2233 (sc.
2780 2173 2933 2243 adsit)

746 2259 1015 2320 vertitque:
1055 2258 1236 2310 '’Einer
1270 2262 1357 2310 dei·
1390 2261 1646 2321 menei-W,
1684 2262 1820 2324 quod
1854 2267 2022 2310 tamen
2064 2260 2266 2309 minime
2299 2265 2372 2308 est
2402 2257 2731 2320 probandum.
2783 2256 2939 2305 Patet

744 2344 876 2392 enim
921 2357 1004 2394 sex
1060 2344 1245 2405 primos
1290 2359 1457 2396 versus
1493 2355 1523 2392 a
1559 2348 1741 2396 comite
1783 2345 1952 2408 aliquo
1997 2344 2321 2395 adolescentis
2365 2343 2487 2399 dici,
2534 2348 2837 2404 posteaque,
2875 2348 2937 2389 ut

752 2436 978 2489 apertum
1027 2430 1122 2477 hoc
1163 2431 1276 2490 fiat,
1328 2444 1354 2479 a
1401 2435 1547 2492 poeta
1585 2431 1813 2492 adJungi:
1883 2426 2031 2476 Unus
2068 2428 2146 2475 ait
2185 2425 2423 2475 comitum
2455 2428 2542 2486 (=
2578 2427 2673 2475 hoc
2709 2438 2841 2475 unus
2876 2426 2943 2474 de

749 2513 1014 2562 comitibus
1049 2513 1202 2573 dicit).
1270 2515 1403 2564 Tum
1439 2526 1554 2563 vero
1592 2517 1954 2565 adolescentem
1991 2516 2316 2563 succlamare:
2352 2510 2635 2558 verumne?
2668 2517 2762 2560 etc.

888 2596 950 2645 V.
986 2596 1071 2646 38.
1140 2599 1404 2649 Passovius
1448 2600 1589 2661 legit:
1640 2597 1886 2646 virtutem
1921 2603 1982 2645 ut
2021 2594 2257 2660 videant,
2293 2611 2405 2660 quie
2441 2596 2642 2660 quidem
2678 2594 2826 2644 lectio
2867 2594 2939 2643 itu

751 2682 904 2742 possit
938 2683 1164 2744 defendi,
1201 2683 1270 2741 si,
1307 2697 1463 2746 quum
1488 2680 1640 2732 haud
1670 2681 1786 2732 alia
1823 2697 1913 2747 pro
1947 2679 2047 2730 luae
2071 2684 2135 2733 sit
2167 2681 2433 2742 scriptum,
2467 2687 2527 2728 ut
2544 2679 2823 2728 adsensum
2846 2693 2945 2741 po-

1576 3214 1955 3302 'SATIRA
2005 3223 2120 3300 lv.

870 3417 1045 3487 ”Rem
1096 3421 1289 3510 populi
1333 3416 1625 3487 tractes?”
1678 3419 1990 3486 Barbatum
2043 3419 2170 3484 baec
2212 3416 2383 3483 crede
2429 3419 2800 3505 magistrum·

856 3543 1088 3622 Dicere,
1139 3537 1374 3606 sorbitio
1422 3538 1566 3605 tollit
1607 3561 1789 3639 *quem
1842 3537 1959 3603 dire
2006 3540 2228 3603 cicutae.

865 3771 1025 3854 ”Quo
1080 3775 1298 3858 fretuS,
1346 3774 1441 3840 dic
1492 3775 1628 3858 hoc,
1681 3774 1869 3862 magni
1921 3769 2132 3862 pupille
2184 3771 2431 3839 Pericli?

868 4029 1099 4096 Scilicet
1148 4024 1436 4113 ingenium
1482 4034 1541 4087 el
1598 4041 1789 4085 rerum
1850 4017 2144 4108 prudentia
2199 4018 2369 4085 velox

818 4172 840 4205 ⁵
873 4151 1018 4213 Ante
1066 4144 1210 4235 pilos
1261 4143 1448 4226 venit,
1497 4137 1736 4205 dicenda
1782 4136 2138 4227 tacendaque
2190 4135 2376 4202 calles.

864 4267 1045 4352 Ergo,
1090 4262 1193 4331 ubi
1239 4269 1524 4328 commota
1574 4256 1762 4325 fervet
1786 4255 2103 4347 ‘plebecula
2153 4252 2299 4339 bile,
