3163 5314
890 537 970 600 58

901 735 1071 803 Liber
1121 758 1244 825 ego.
1348 738 1512 806 Unde
1561 739 1764 809 datum
1815 740 1926 808 hoc
1971 743 2181 825 sentiS,
2226 754 2311 809 tot
2361 739 2593 809 subdite
2643 735 2881 804 rebus?

666 979 671 984 '
803 993 876 1033 ηε
905 975 990 1039 An
1042 972 1337 1039 dominum
1384 978 1640 1061 ignoras,
1684 978 1792 1042 nisi
1839 997 2019 1065 quem
2069 974 2319 1041 vindicta
2372 973 2633 1041 relaxat?

903 1087 963 1158 ”1
1008 1114 1181 1182 puer,
1232 1105 1292 1157 et
1345 1091 1593 1179 strigiles
1644 1094 1883 1183 Crispini
1916 1092 1989 1159 ad
2037 1093 2237 1159 balnea
2288 1092 2447 1160 defer
2465 1086 2511 1157 !'’

901 1210 963 1277 Si
1015 1213 1298 1299 increpuit
1360 1205 1616 1294 '’cessas‚
1669 1206 1961 1301 nugator’',
2011 1215 2311 1278 servitium
2363 1231 2498 1278 acre

905 1449 985 1512 Te
1033 1445 1167 1512 nibil
1226 1444 1493 1533 impellit,
1542 1468 1651 1512 nec
1697 1449 2007 1536 quicquam
2057 1449 2415 1514 extrinsecus
2467 1448 2668 1528 intrat,

905 1562 1074 1643 Quod
1132 1585 1344 1630 nervos
1389 1568 1601 1653 agitet:
1654 1565 1790 1649 sed,
1837 1568 1888 1630 si
1952 1568 2108 1632 intus
2160 1578 2223 1632 et
2269 1568 2327 1631 in
2367 1566 2557 1653 jecore
2606 1582 2770 1650 oegro

812 1799 885 1858 ιἰο
909 1799 1239 1864 Nascuntur
1287 1798 1532 1883 domini,
1583 1803 1681 1889 qui
1735 1813 1798 1865 tu
1846 1802 2175 1889 impunitior
2219 1803 2370 1881 exis,

918 1919 1111 2005 Atque
1162 1916 1286 2000 bic,
1333 1936 1509 2005 quem
1560 1916 1638 1983 ad
1679 1917 1930 2007 strigiles
1978 1912 2198 1984 scutica
2249 1932 2312 1984 et
2378 1930 2569 1983 metus
2616 1919 2735 2006 egit
2760 1912 3016 1982 herilis?

914 2151 1084 2217 Mane
1138 2153 1296 2239 piger
1344 2155 1576 2236 stertis,
1625 2175 1827 2243 surge,
1882 2156 2065 2243 inquit
2111 2155 2384 2220 Avaritia.
2484 2152 2617 2218 Eia!

910 2267 1127 2355 Surge!
1173 2269 1394 2357 Negas,
1434 2274 1635 2338 instat:
1685 2289 1889 2361 surge,
1939 2273 2139 2361 inquit.
2240 2266 2397 2338 ”Nou
2443 2264 2647 2360 φησί’
2749 2267 2966 2356 Surge.

912 2496 1019 2568 ”Et
1062 2503 1201 2593 quid
1253 2526 1421 2594 agam
1436 2502 1500 2572 ?”
1556 2508 1836 2596 Rogitas?
1917 2508 2003 2573 En
2052 2505 2359 2596 saperdam
2407 2503 2638 2571 advehe
2684 2503 2910 2586 Ponto,

823 2762 893 2799 ηε
923 2742 1288 2822 castoreum,
1334 2753 1608 2832 stuppas,
1657 2743 1947 2824 ebenum,
1992 2741 2160 2824 tbuS,
2210 2741 2427 2809 lubrica
2473 2742 2625 2810 Coa!

797 2930 802 2936 ,
921 2861 1076 2927 Tolle
1131 2882 1335 2927 recens
1382 2865 1603 2948 primus
1651 2864 1813 2949 piper
1862 2882 1896 2927 e
1942 2863 2171 2926 sitiente
2224 2861 2476 2943 camelo,

919 2977 1093 3045 Verte
1136 2977 1385 3069 aliquid,
1430 2979 1585 3067 jura!
1662 2973 1813 3046 '’Sed
1860 2980 2086 3068 Jupiter
2134 2975 2376 3046 audiet?
2478 2981 2669 3063 Eheu,

920 3213 1095 3297 Varo,
1153 3228 1513 3303 regustatum
1558 3215 1756 3304 digito
1785 3214 2075 3282 terebrare
2121 3213 2368 3283 salinum

874 3320 881 3325 ⁰
923 3330 1240 3401 Contentus
1288 3354 1560 3423 perageS,
1608 3335 1659 3400 si
1708 3335 1907 3400 vivere
1955 3356 2090 3400 oum
2133 3335 2281 3402 Jove
2329 3333 2543 3402 tendis!

833 3586 910 3624 ιω
933 3565 1064 3631 Jam
1110 3570 1302 3655 pueris
1351 3566 1556 3656 pellem
1605 3572 1937 3635 succinctus
1984 3583 2045 3635 et
2093 3569 2483 3663 oenophorum
2531 3581 2729 3658 aptas:

925 3683 1108 3751 Ocius
1155 3685 1230 3752 ad
1279 3686 1518 3753 navem!
1599 3687 1752 3755 Nihil
1801 3685 2028 3761 obstat,
2074 3691 2216 3777 quin
2267 3686 2432 3754 tmbe
2484 3699 2651 3754 vesta

926 3924 1206 4011 Aegaeum
1260 3923 1475 4009 rapias,
1524 3923 1631 3989 nisi
1677 3919 1880 3986 sollers
1913 3922 2166 3989 Luxuria
2209 3937 2347 3991 ante

926 4040 1246 4108 Seductum
1294 4054 1541 4107 moneat.
1641 4039 1770 4119 Quo
1820 4038 2057 4126 deinde,
2109 4044 2335 4127 insane,
2379 4042 2531 4125 ruiS,
2575 4039 2735 4130 quo?

931 4273 1087 4354 Quid
1137 4273 1241 4343 tibi
1286 4275 1418 4342 vis?
1489 4273 1683 4388 Calido
1728 4274 1842 4343 sub
1889 4289 2121 4366 pectore
2178 4274 2434 4345 mascula
2486 4273 2613 4343 bilis
