3163 5314
880 440 959 507 54

887 643 1177 711 Libertate
1226 663 1371 731 opus
1413 654 1535 723 est,
1585 659 1697 707 non
1747 642 1887 727 hec,
1939 656 2031 728 ut,
2075 645 2323 734 quisque
2374 645 2570 714 Veline

887 760 1125 830 Publius
1170 764 1447 844 emeruit,
1491 758 1818 827 scabiosum
1867 760 2142 828 tesserula
2199 762 2287 830 far

815 905 863 940 τι
889 879 1164 947 Possidet.
1268 880 1395 945 Heu
1445 878 1670 944 steriles
1719 881 1872 960 veri,
1923 879 2135 969 quibus
2185 903 2295 946 una
2347 881 2631 961 Quiritem

886 998 1118 1086 Vertigo
1165 998 1327 1064 fecit!
1416 996 1526 1062 Hic
1566 1000 1749 1065 Dama
1801 1010 1892 1064 est
1939 1021 2051 1064 non
2102 1002 2302 1065 tressis
2347 1022 2549 1090 agaso,

890 1234 1087 1324 Vapps
1129 1245 1191 1299 et
1239 1232 1427 1322 lippus
1468 1246 1530 1299 et
1573 1237 1631 1300 in
1678 1236 1836 1300 tenui
1885 1233 2165 1323 farragine
2222 1237 2489 1305 mendax.

892 1354 1141 1420 Verterit
1187 1351 1343 1417 hunc
1388 1351 1672 1435 dominus,
1716 1367 2005 1419 momento
2055 1352 2299 1421 turbinis
2346 1362 2469 1426 exit

893 1591 1122 1657 Marcus
1174 1590 1375 1655 Dama.
1480 1589 1685 1678 Papae!
1732 1591 1925 1656 Marco
1968 1588 2287 1678 spondente
2336 1615 2568 1663 recusas

825 1731 875 1771 ao
896 1706 1146 1775 Credere
1196 1719 1263 1773 tu
1313 1708 1608 1773 nummos!
1692 1710 1885 1775 Marco
1929 1706 2044 1775 su'b
2089 1706 2283 1798 judice
2332 1711 2537 1801 palles!

896 1828 1126 1894 Marcus
1176 1824 1355 1909 dixit,
1408 1828 1484 1891 ita
1533 1827 1648 1893 est.‘
1739 1830 2007 1919 Assigna,
2052 1827 2274 1909 Marce,
2328 1829 2596 1900 tabellas!

902 2064 1046 2129 Haec
1091 2082 1250 2128 mera
1301 2059 1566 2144 libertas,
1618 2058 1728 2125 hoc
1777 2057 1943 2126 nobis
1986 2059 2129 2150 pilea
2185 2061 2419 2131 donent.

902 2183 992 2247 An
1050 2183 1356 2271 quisquam
1406 2192 1498 2245 est
1545 2178 1693 2245 alius
1743 2175 1917 2259 liber,
1966 2180 2072 2245 nisi
2121 2178 2336 2247 ducere
2386 2184 2565 2251 vitam

904 2298 1010 2365 Cui
1064 2297 1228 2373 licet,
1286 2310 1351 2366 ut
1401 2297 1631 2364 voluit?
1715 2297 1904 2379 Licet,
1952 2309 2021 2362 ut
2070 2296 2199 2363 volo
2243 2301 2471 2367 vivere:
2519 2326 2633 2372 non
2677 2328 2817 2375 sum

828 2559 877 2595 σε
909 2532 1164 2601 Liberior
1206 2533 1439 2599 Bruto?
1506 2531 1777 2598 Mendose
1805 2530 2076 2619 colligis,
2123 2534 2309 2622 inquit

906 2652 1137 2720 Stoicus
1180 2649 1275 2717 hic
1330 2673 1529 2718 aurem
1583 2648 1832 2717 mordaci
1876 2647 2024 2717 lotus
2069 2664 2253 2719 aceto.

910 2771 1054 2837 Haec
1104 2768 1321 2858 reliqua
1369 2771 1613 2858 aecipio;
1666 2767 1851 2834 licet
1900 2767 2040 2835 illud
2088 2781 2150 2836 et
2201 2782 2277 2835 ut
2326 2769 2494 2837 volo
2539 2771 2697 2840 tolle.

909 3000 1203 3072 ”Vindicta
1244 3015 1547 3094 postquam
1585 3027 1750 3072 meus
1797 3026 1831 3071 a
1885 3016 2131 3094 praetore
2175 3008 2417 3088 recessi,

914 3240 1032 3308 Cur
1086 3241 1223 3306 mihi
1271 3263 1382 3307 non
1435 3239 1629 3322 liceat,
1668 3240 1840 3327 jussit
1888 3237 2275 3330 quodcunque
2332 3240 2628 3329 voluntsS,

840 3379 891 3420 no
911 3359 1171 3447 Excepto
1218 3361 1267 3424 si
1313 3357 1453 3447 quid
1502 3358 1713 3423 Masuri
1760 3356 1984 3423 rubrica
2042 3361 2262 3425 vetavit
2275 3353 2339 3424 ?''

918 3478 1121 3562 Disce,
1173 3475 1276 3542 sed
1330 3479 1408 3542 ire
1460 3475 1629 3541 cadat
1675 3497 1813 3541 naso
1856 3480 2179 3565 rugosaque
2221 3496 2433 3562 sanna,

921 3713 1072 3779 Dum
1128 3725 1354 3779 veteres
1402 3714 1564 3778 avias
1616 3710 1718 3779 tibi
1765 3710 1840 3777 de
1890 3709 2159 3800 pulmone
2206 3712 2441 3781 revello!

920 3832 1048 3897 Non
1098 3834 1358 3919 praetoris
1408 3842 1534 3896 erat
1583 3829 1775 3896 stultis
1826 3827 1964 3899 dare
2010 3831 2201 3896 tenuia
2253 3853 2448 3898 rerum

918 3947 1125 4015 Officia
1173 3961 1351 4039 atque
1403 3969 1570 4014 usum
1626 3946 1839 4036 rapidae
1894 3950 2225 4037 permittere
2275 3951 2440 4016 vitae:

851 4087 899 4124 οε
929 4066 1279 4163 Ssmbucam
1330 4067 1497 4131 citius
1549 4064 1731 4131 caloni
1780 4069 2069 4154 aptaveris
2118 4066 2250 4134 alte.

918 4185 1050 4251 Stat
1078 4200 1306 4253 contra.
1341 4185 1508 4250 Retio
1556 4196 1619 4250 et
1660 4198 1943 4252 secretam
1986 4186 2165 4272 garrit
2218 4187 2276 4253 in
2320 4205 2550 4268 aurem,
