3163 5314
809 490 892 553 20

809 674 902 754 Et,
955 675 1054 761 qui
1105 674 1435 741 coeruleum
1487 673 1795 741 dirimebat
1843 676 2050 757 Nerea,
2093 672 2380 763 delphin.»

730 930 780 967 σε
804 908 926 974 Sic:
979 920 1231 975 »costam
1282 909 1450 998 longo
1499 909 1890 976 subduximus
1938 908 2292 998 Apennino.»

802 1027 1010 1092 »Arma
1062 1027 1282 1092 virum»
1326 1048 1514 1093 nonne
1568 1028 1679 1094 hoc
1723 1047 2066 1115 spumosum
2114 1039 2175 1092 et
2225 1029 2440 1093 cortice
2490 1029 2737 1118 pingui?

804 1257 884 1326 Ut
934 1260 1153 1329 ramale
1201 1276 1375 1329 vetus
1424 1261 1700 1351 vegrandi
1749 1261 1962 1329 subere
2010 1275 2293 1329 coctum».

802 1375 1095 1455 Quidnam
1150 1381 1324 1468 igitur
1372 1393 1639 1446 tenerum
1690 1393 1751 1445 et
1798 1380 1927 1446 laxa
1979 1385 2209 1446 cervice
2261 1380 2616 1469 legendum?

802 1494 986 1560 Torva
1035 1496 1411 1564 Mimalloneis
1460 1497 1772 1586 implerunt
1820 1519 2034 1564 cornua
2090 1495 2332 1581 bombis,

704 1752 779 1790 που
805 1733 881 1798 Et
928 1745 1161 1822 raptum
1212 1731 1396 1799 vitulo
1439 1745 1618 1822 caput
1667 1731 1928 1798 ablatura
1980 1731 2235 1821 superbo

804 1967 1064 2033 Bassaris
1112 1981 1173 2035 et
1216 1967 1446 2058 lyncem
1500 1970 1719 2035 Maenas
1769 1967 1991 2034 flexura
2036 1967 2333 2058 corymbis

803 2201 990 2267 Evion
1035 2204 1375 2290 ingenimat:
1435 2202 1772 2293 reparabilis
1820 2215 2055 2270 assonat
2092 2202 2271 2269 Echo.

804 2436 1222 2537 IJaeqffifi-eggnt,
1267 2438 1316 2502 si
1368 2436 1618 2502 testiculi
1672 2456 1820 2503 vena
1869 2436 1987 2503 ulla
2039 2440 2265 2528 paterni

802 2554 1039 2646 VAEYQffiss
1085 2558 1144 2635 in
1195 2554 1406 2620 nobis?
1477 2554 2268 2651 ngnqdelumbqsaliva

704 2696 777 2736 1⁰³
806 2668 930 2756 Hoc
982 2685 1145 2755 natat
1196 2674 1252 2740 in
1307 2670 1501 2753 labriS,
1555 2685 1616 2738 et
1661 2676 1717 2739 in
1770 2673 1887 2741 udo
1938 2687 2030 2740 effi
2075 2675 2295 2738 Maenas
2348 2683 2409 2737 et
2454 2663 2624 2755 Attis,

805 2792 930 2857 Nec
974 2790 1243 2880 ⁴pluteum
1289 2789 1479 2873 caedit,
1534 2811 1644 2855 nec
1690 2791 1987 2858 demorsos
2037 2792 2189 2878 sopit
2239 2807 2485 2877 ungues.

806 2906 923 2974 Sed
976 2908 1117 2997 quid
1167 2929 1314 2997 opus
1364 2919 1592 2973 teneras
1645 2908 1899 2974 mordaci
1957 2907 2162 2974 radere
2214 2928 2355 2972 vero

805 3026 1157 3092 Auriculas?
1208 3024 1354 3091 Vide
1401 3028 1497 3109 sis,
1548 3047 1623 3091 ne
1674 3027 1953 3114 majorum
2005 3024 2109 3091 tibi
2162 3024 2308 3091 forte

694 3153 779 3173 ··””“
806 3144 1029 3209 Limina
1080 3143 1416 3232 frigescant:
1465 3143 1784 3226 &at-„Q
1813 3141 2093 3220 ‚d-essnare
2131 3144 2349 3218 =cannia

705 3283 782 3322 no
814 3261 1022 3348 &EQ-
1075 3255 1197 3326 Per'
1239 3283 1334 3326 me
1376 3260 1647 3349 equidem
1690 3260 1808 3324 sint
1856 3261 2044 3326 omnia
2100 3264 2358 3350 protinus
2403 3260 2562 3345 alba,

804 3377 897 3446 Nil
957 3400 1161 3443 moror.
1241 3379 1421 3465 Euge,
1466 3398 1688 3457 omnes,
1739 3397 1943 3442 omnes
1989 3376 2138 3444 bene
2188 3381 2353 3443 mirae
2403 3381 2562 3444 eritis
2609 3401 2721 3445 τω.

807 3496 933 3562 Ηοο
975 3499 1190 3585 juvat.·
1258 3495 1385 3578 Hic,
1426 3497 1633 3583 inquiS,
1680 3507 1815 3560 veto
1864 3497 2172 3585 quisquam
2226 3494 2365 3560 faxit
2415 3490 2664 3561 oletum:

807 3615 988 3700 Pinge
1036 3611 1184 3678 duos
1220 3611 1468 3699 angues!
1524 3613 1712 3695 Pueri,
1761 3633 1929 3678 sacer
1969 3623 2061 3676 est
2113 3610 2506 3676 locust-extra

807 3732 1014 3819 Mejite.
1086 3729 1350 3796 Discedo.
1413 3730 1615 3796 Secuit
1658 3728 1913 3794 Lucilius
1960 3727 2186 3812 urbem,

708 3871 782 3909 m
807 3851 888 3916 Te
939 3850 1119 3937 Lupe,
1165 3860 1240 3933 te,
1291 3849 1456 3930 Muti,
1508 3859 1569 3911 et
1614 3848 1930 3934 genuinum
1985 3845 2155 3931 fregit
2204 3847 2259 3910 in
2313 3844 2441 3912 illis.

786 3967 1002 4034 f'Omne
1049 3965 1214 4032 vafer
1264 3966 1471 4030 vitium
1526 3962 1735 4030 ridenti
1790 3962 2032 4030 Flaccus
2079 3964 2266 4029 amico

807 4084 1012 4171 Tangit
1061 4096 1122 4148 et
1167 4082 1457 4150 admissus
1501 4083 1721 4152 circum
1771 4082 2083 4171 praecordia
2128 4080 2278 4146 ludit

813 4200 1067 4269 Callidus
1092 4221 1357 4268 excusso
1405 4200 1683 4290 populum
1728 4199 2086 4291 suspendere
2127 4219 2286 4266 naso.
