3163 5314
811 545 896 610 22
1585 581 1616 602 .

810 732 942 820 Men
995 731 1208 795 mutire
1257 694 1464 813 nefas(
1488 748 1598 792 nec
1648 724 1798 818 clam
1847 745 1956 789 nec
2004 745 2139 789 cum
2190 719 2439 788 scrobe?
2490 726 2793 818 Nusquam

713 871 788 910 m
815 849 925 944 {lic
974 861 1169 913 tamen
1224 845 1510 911 infodiam.
1568 842 1711 926 Vidi,
1767 840 1881 906 vidi
1931 845 2071 930 ipse,
2120 840 2337 908 libelle:

812 1083 1115 1152 Auriculas
1174 1082 1315 1146 asini
1371 1080 1522 1146 Mida
1574 1101 1680 1145 rex
1732 1077 1926 1145 habet.
2005 1078 2130 1144 Hoc
2177 1099 2286 1164 ego
2335 1089 2623 1165 opertum,

814 1202 940 1268 Hoc
983 1200 1171 1266 ridere
1223 1220 1437 1281 meum,
1488 1210 1608 1262 tam
1657 1196 1753 1277 nil,
1803 1195 1956 1261 nulla
2012 1194 2115 1261 tibi
2170 1193 2361 1259 vendo

809 1318 1004 1385 Iliade.
1082 1317 1301 1384 Audaci
1353 1315 1688 1405 quicunque
1736 1312 1929 1379 afflate
1977 1311 2208 1379 Cratino

810 1437 1033 1501 Iratum'
1077 1434 1416 1524 Eupolidem
1460 1430 1784 1522 praegrandi
1829 1452 1966 1495 curn
2014 1452 2156 1496 sene
2209 1428 2405 1519 palles,

712 1576 786 1614 ηε
816 1555 1025 1643 Aspice
1072 1565 1133 1618 et
1179 1553 1329 1636 haec,
1364 1555 1412 1617 si
1468 1552 1614 1618 forte
1663 1548 1878 1639 aliquid
1929 1546 2228 1614 decoctius
2276 1547 2458 1614 audis,

811 1670 958 1737 lude
1010 1683 1284 1759 vaporata
1337 1669 1516 1736 lector
1569 1669 1707 1734 mihi
1761 1667 1983 1732 ferveat
2034 1667 2202 1731 aurel

811 1787 943 1856 Non
984 1789 1096 1872 bic,
1146 1790 1246 1878 qui
1293 1790 1350 1854 in
1395 1787 1658 1877 crepidas
1709 1784 2017 1851 Graiorum
2065 1783 2266 1850 ludere
2314 1785 2486 1871 gestit

810 1904 1109 1988 SordiduS,
1161 1918 1223 1974 et
1273 1904 1434 1971 lusco
1482 1908 1584 1995 qui
1634 1905 1814 1993 possit
1864 1902 2057 1969 dicere
2107 1901 2283 1986 lusce,

809 2022 954 2089 Sese
1001 2022 1254 2111 aliquem
1306 2022 1566 2105 creden5‚
1617 2021 1760 2088 Italo
1796 2020 1954 2110 quod
2006 2019 2221 2086 bonore
2261 2020 2506 2108 supinus

713 2161 788 2201 ιω
811 2141 1073 2230 Fregerit
1118 2139 1379 2205 heminas
1429 2140 1587 2204 Areti
1635 2138 1819 2206 aedilis
1869 2140 2113 2227 iniquae,

810 2259 934 2324 Nee
976 2258 1080 2347 qui
1129 2235 1313 2323 abaco
1363 2277 1636 2322 numeros
1685 2269 1746 2322 et
1795 2268 1957 2321 secto
2008 2258 2064 2321 in
2112 2254 2355 2346 pulvere
2404 2267 2592 2322 metas

810 2374 934 2442 Scit
979 2376 1172 2440 risisse
1230 2373 1409 2457 vafer,
1461 2373 1710 2439 multum
1762 2372 2036 2461 gaudere·
2068 2384 2320 2461 paratuS,

811 2493 873 2559 Si
922 2492 1139 2582 Cynico
1188 2489 1428 2557 barbam
1482 2490 1748 2579 petulans
1795 2494 2026 2557 nonaria
2085 2488 2277 2555 vellat.

815 2609 923 2676 His
971 2630 1144 2677 mane
1192 2609 1467 2696 edictum,
1516 2622 1651 2699 post
1703 2608 1940 2699 prandia
1992 2606 2311 2675 Callirhoen
2363 2606 2454 2674 do.

842 3273 905 3325 V.
944 3274 992 3323 2.
1054 3273 1270 3330 Persius,
1324 3279 1592 3334 postquam
1647 3272 1864 3334 primum
1919 3284 2114 3322 versum
2167 3274 2377 3336 scripsit,
2430 3274 2521 3323 sibi
2559 3273 2679 3334 ipse,
2729 3272 2907 3333 iudicii

709 3358 891 3408 civium
929 3356 1149 3416 corrupti
1187 3366 1395 3411 memor,
1433 3355 1699 3416 indignans
1736 3354 1878 3403 dicit:
1944 3354 2068 3417 Quis
2096 3358 2227 3418 leget
2255 3358 2397 3407 haec?
2433 3356 2514 3405 Ad
2544 3366 2656 3418 quae
2684 3355 2907 3405 amicum

708 3439 930 3501 aliquem
960 3438 1103 3500 fingit
1130 3439 1445 3499 respondere,
1466 3439 1798 3488 admiratione
1825 3446 2058 3501 captum:
2094 3441 2204 3492 Min
2232 3447 2289 3491 tu
2315 3441 2448 3489 istud
2472 3441 2582 3490 ais?
2618 3438 2910 3498 Respondet

707 3524 906 3574 Persius
941 3522 1033 3573 sibi
1069 3523 1197 3583 ipse:
1252 3522 1412 3572 Nemo
1458 3523 1657 3571 hercule
1693 3520 1813 3571 Am.
1867 3525 2068 3574 Nemo?
2133 3520 2195 3572 Ρ.
2233 3523 2307 3570 vel
2346 3523 2447 3574 duo
2483 3523 2559 3573 vel
2595 3534 2760 3571 nemo.
2795 3520 2910 3569 Am

708 3608 877 3669 Turpe
912 3613 962 3656 et
997 3606 1293 3655 miserabile.
1352 3601 1415 3652 P.
1478 3601 1687 3664 Quare?
1739 3606 1813 3656 Ne
1849 3606 1967 3653 mihi
2005 3612 2097 3654 etc.

849 3690 907 3741 V.
943 3688 990 3740 6.
1048 3688 1347 3737 Examenve
1398 3685 1693 3752 improbum
1735 3700 1845 3748 sqq.
1916 3687 2175 3748 Optimum
2229 3688 2426 3738 videtur
2459 3702 2665 3739 namen
2702 3689 2909 3750 proprio

706 3788 874 3834 sensu,
911 3775 1048 3838 quod
1077 3775 1182 3835 ‚iam
1219 3773 1336 3823 fecit
1370 3773 1654 3828 scholiasta,
1689 3771 1927 3832 accipere,
1967 3778 2022 3820 ut
2058 3771 2153 3820 hoc
2188 3773 2339 3822 modo
2374 3772 2785 3836 interpretemur:
2830 3775 2910 3827 Ne

710 3860 932 3917 accedas,
971 3869 1093 3906 neve
1127 3854 1358 3917 iniquum
1397 3868 1604 3905 examen
1651 3855 1949 3913 (lingulam),
1996 3856 2131 3915 quod
2168 3863 2240 3905 est
2277 3858 2325 3905 in
2365 3850 2553 3907 trutina
2590 3857 2762 3918 populi
2799 3859 2912 3907 Ro-

711 3942 866 3998 mani,
902 3940 1143 4000 castigare
1182 3938 1486 3996 (rectificare,
1525 3932 1894 4004 ἐπανορθοῦιὲ)
1923 3944 2096 3989 tentes,
2166 3938 2395 3988 Forsitan
2426 3940 2494 3989 ita
2518 3952 2722 4001 quoque
2754 3942 2909 4000 possit

711 4024 969 4085 explicari:
1006 4024 1081 4073 Ne
1114 4023 1321 4075 accedas
1355 4032 1483 4071 neve
1506 4035 1733 4079 examen,
1753 4024 1892 4083 quod
1926 4022 2155 4079 fecerunt
2188 4023 2319 4073 cives
2353 4024 2404 4072 in
2432 4022 2515 4072 illa
2536 4025 2908 4084 (Romanorum

711 4105 908 4168 iniqua)
944 4106 1149 4164 trutina,
1186 4106 1429 4169 castigare
1465 4112 1643 4159 tentes..

845 4186 910 4238 V.
955 4187 1028 4237 17.
1067 4188 1235 4237 Lectio
1254 4185 1431 4255 legens
1460 4203 1487 4237 a
1517 4189 1804 4239 melioribus
1824 4188 1929 4239 Cdd
1959 4191 2185 4250 probata,
2220 4192 2286 4240 ita
2317 4189 2506 4251 optime
2535 4191 2733 4240 retineri
2763 4204 2907 4252 posse

711 4272 924 4331 videtur,
962 4277 1019 4321 ut
1050 4279 1241 4334 puncto
1275 4278 1391 4334 post
1420 4269 1585 4322 ocello
1615 4273 1683 4336 (v.
1723 4271 1806 4335 18)
1842 4274 2025 4338 deleto,
2052 4275 2122 4325 ibi
2151 4286 2348 4324 comma
2378 4280 2614 4338 ponatur,
2650 4287 2753 4337 quo
2772 4276 2906 4325 tacto
