3163 5314
82 4836 119 4939 affl.
78 4634 103 4765 *³⁴

795 473 878 542 48

825 672 887 721 V.
923 673 1008 723 22.
1075 670 1252 733 Quum
1288 673 1414 723 bene
1451 669 1579 725 dise.
1610 680 1745 728 eant.
1781 672 1943 723 ocimu
1976 686 2153 722 vernoe
2169 672 2447 734 significare
2465 667 2686 720 videtur:
2725 663 2874 718 Dm

694 751 957 804 cantando
984 755 1222 806 venditat
1256 757 1430 807 vernis
1465 754 1737 806 dissolutis
1765 757 1927 807 ocima
1945 755 1996 810 h.
2015 774 2060 806 e.
2078 753 2266 805 herbas
2286 760 2339 802 et
2360 769 2449 802 eas
2464 748 2720 817 {ot-tasse,
2749 767 2870 819 quoe

696 856 931 888 venerem
972 840 1240 891 stimulent
1278 846 1410 905 (vide
1443 845 1507 893 sis
1541 844 1672 894 Ptin.
1713 844 1841 893 Hist.
1878 844 1993 895 Nat.
2030 842 2174 891 xlx.
2209 849 2326 892 sect.
2363 837 2425 888 36
2444 844 2494 888 et
2512 837 2624 886 XX.
2644 846 2762 888 sect.
2784 837 2867 888 48.

695 927 778 975 eit.
815 939 844 974 a
889 927 1132 985 Peri-ean,
1170 943 1320 990 quem
1358 930 1423 979 ad
1456 932 1590 980 hum:
1610 932 1772 980 locum
1792 930 2054 990 conseras).
2097 927 2469 979 casauh.unt.
2494 920 2662 972 acina
2690 935 2878 972 mo

697 1009 1072 1071 interpretatur:
1122 1013 1282 1062 dicere
1325 1022 1476 1076 atque
1523 1016 1746 1078 ingerere
1792 1015 1987 1062 servulo
2032 1013 2298 1075 opprobria
2345 1017 2512 1082 egea.
2558 1021 2669 1070 quae
2702 1010 2871 1058 solent

696 1095 910 1151 cantari,
957 1107 1115 1157 quum
1151 1099 1310 1147 oeiina
1347 1104 1578 1148 seruntur
1614 1099 1660 1146 b.
1698 1109 1741 1144 e.
1780 1099 2065 1149 maledieta,
2100 1098 2235 1160 quod
2272 1101 2440 1143 tamen
2475 1106 2537 1142 ne
2571 1093 2767 1153 longius
2803 1093 2867 1144 sit

699 1178 936 1237 petitum,
973 1192 1215 1230 veremur.
1286 1180 1358 1231 Cr.
1393 1180 1593 1243 Koenig
1630 1184 1691 1232 ad
1728 1182 1775 1232 h.
1810 1182 1845 1230 1.

830 1262 890 1311 V.
936 1260 1017 1312 27.
1084 1263 1275 1314 ”Hunc
1307 1265 1455 1318 aisr’
1493 1263 1692 1330 '’Hunc
1721 1274 1816 1317 etc·
1882 1265 2200 1328 ”immuunt
2231 1263 2335 1316 11aess
2365 1263 2496 1318 intel·
2530 1263 2875 1325 colloquentoe

698 1357 933 1405 personas
976 1350 1062 1398 alii
1107 1352 1275 1409 aliter:
1322 1352 1407 1401 sed
1455 1352 1836 1413 descriptionem
1873 1349 2009 1398 avari
2043 1345 2176 1398 certe
2209 1346 2302 1396 erit
2335 1345 2511 1395 melius
2544 1345 2588 1394 ei
2624 1346 2875 1405 tribuere,

1544 1857 1890 1933 SATIRA
1946 1855 2019 1928 V.

1387 2050 1476 2116 Ad
1525 2053 1808 2118 Annaeum
1850 2051 2183 2120 Cornutum.

807 2228 1046 2297 Vatibus
1095 2232 1187 2297 hio
1236 2236 1360 2300 mos
1403 2246 1496 2301 est
1533 2246 1766 2299 eentum
1816 2232 1925 2299 sibi
1972 2252 2207 2323 poscere
2261 2253 2463 2315 voceS,

805 2346 1051 2415 Centum
1098 2372 1194 2416 ora
1241 2365 1302 2417 et
1354 2353 1575 2441 linguas
1626 2366 1823 2440 optare
1875 2357 1930 2418 in
1970 2353 2223 2418 carmina
2271 2331 2540 2437 centum,

810 2464 1027 2533 Fabula
1073 2490 1179 2534 seu
1231 2482 1451 2536 maesto
1505 2484 1748 2560 ponatur
1790 2469 1997 2537 hianda
2049 2468 2317 2558 tragoedo
2327 2521 2344 2553 ,

808 2584 1055 2653 Vulnera
1108 2609 1213 2653 seu
1262 2590 1459 2655 Parthi
1503 2590 1767 2656 ducentis
1815 2587 1892 2655 ab
1935 2589 2164 2677 inguine
2215 2587 2446 2655 ferrum.

765 2846 785 2877 s
812 2819 1103 2897 Quorsum
1156 2824 1329 2890 haec?
1408 2826 1529 2891 Aut
1578 2838 1825 2915 quantas
1875 2823 2094 2892 robusti
2144 2826 2411 2892 carminis
2461 2823 2607 2893 offas

812 2939 1064 3026 Inger-is,
1122 2954 1188 3007 ut
1236 2963 1340 3031 par
1386 2945 1464 3008 sit
1507 2956 1750 3011 centeno
1797 2956 2033 3032 gutture
2083 2943 2229 3009 niti?

810 3054 1045 3125 Grande
1087 3057 1330 3127 locuturi
1381 3059 1619 3128 nebulas
1668 3061 1939 3128 Helieone
1979 3060 2241 3149 legunto,

812 3176 871 3240 Si
915 3175 1128 3266 quibus
1177 3191 1280 3245 aut
1333 3179 1614 3263 Procnes,
1659 3193 1761 3247 aut
1815 3183 1864 3247 si
1910 3178 2121 3270 quibus
2172 3177 2279 3246 olla
2331 3179 2603 3269 Thyestae

814 3294 1083 3365 Fervebit
1130 3318 1289 3386 saepe
1336 3296 1551 3364 insulso
1602 3298 1893 3365 coenanda
1944 3296 2205 3387 Glyconi.

742 3431 789 3468 ιο
817 3413 901 3477 Tu
952 3434 1139 3503 neque
1190 3414 1509 3500 anhelanti,
1553 3419 1818 3506 coquitur
1862 3415 2001 3482 dum
2061 3434 2249 3481 massa
2289 3417 2544 3500 camino,

814 3528 968 3594 Folle
1018 3535 1230 3619 premis
1282 3546 1485 3600 ventos
1532 3556 1641 3599 nec
1691 3534 1885 3601 clauso
1934 3552 2232 3600 murmure
2274 3554 2489 3599 raucus

812 3649 1016 3715 Nescio
1066 3649 1204 3739 quid
1259 3664 1453 3717 tecum
1502 3673 1681 3740 grave
1731 3655 2037 3718 cornicaris
2081 3652 2305 3741 inepte,

742 3936 751 3949 .
827 3888 948 3952 Nee
999 3886 1224 3978 stloppo
1277 3886 1527 3954 tumidas
1577 3884 1823 3952 intendis
1864 3906 2133 3976 rumpere
2187 3885 2419 3953 buccas,

825 4120 1011 4189 Verba
1061 4137 1212 4212 togae
1258 4125 1517 4214 sequeris
1559 4124 1829 4212 junctura
1877 4121 2116 4191 callidus
2168 4123 2321 4207 aeri,

760 4258 804 4298 ιιι
830 4237 952 4304 Ore
1005 4250 1159 4308 teres
1201 4240 1452 4326 modion,
1502 4240 1780 4331 pallentes
1828 4241 2031 4309 radere
2079 4261 2267 4308 mores
