3163 5314
2827 38 3081 446 Ἷ

817 543 896 608 ω
3065 602 3082 664 l

820 731 902 807 De
947 740 1117 808 nihilo
1169 742 1336 823 nihil,
1382 743 1436 807 in
1490 740 1729 807 nihilum
1779 742 1858 809 nil
1908 765 2073 834 posse
2133 748 2360 810 reverti.

745 882 797 919 ss
829 859 951 926 Hoc
999 874 1118 943 est,
1176 861 1328 950 quod
1376 858 1581 949 palles,
1629 881 1733 924 cur
1773 865 1902 950 quis
1951 886 2063 930 non
2118 861 2442 950 prandeat?
2520 859 2642 925 Hoc
2689 852 2861 923 est?''

823 979 924 1045 His
977 978 1221 1066 populus
1271 978 1417 1044 ridet
1468 977 1831 1071 multumque
1875 969 2061 1049 terosa
2109 982 2385 1068 juventus

820 1207 1140 1304 Ingeminat
1191 1214 1464 1280 tremulos
1512 1231 1676 1281 naso‘
1699 1219 1986 1306 crispante
2035 1215 2361 1283 cachinnos

820 1330 1108 1422 '’Inspice,
1160 1323 1347 1397 nescia
1393 1331 1533 1422 quid
1588 1334 1835 1422 trepidat
1888 1335 2022 1402 mibi
2075 1346 2276 1425 pectus
2317 1345 2378 1399 et
2426 1331 2603 1420 aegris

825 1450 1110 1519 Faucibus
1157 1463 1466 1537 exsuperat
1510 1446 1705 1537 gravis
1753 1445 1985 1520 balitus:
2040 1455 2280 1542 inspice,
2328 1444 2556 1518 sodes?

748 1712 799 1748 w
825 1687 938 1767 Qui
987 1687 1125 1753 dicit
1183 1686 1403 1753 medico
1445 1669 1644 1777 jussus
1696 1692 2083 1779 requiescere,
2132 1702 2436 1781 postquam

826 1787 1011 1872 Tertia
1063 1808 1408 1894 compositas
1464 1805 1608 1873 vidit
1661 1831 1775 1875 nox
1823 1828 2056 1874 currere
2100 1828 2302 1890 venae,

828 1905 916 1989 De
965 1925 1175 2010 majore
1220 1923 1389 1990 domo
1439 1924 1660 1992 modice
1705 1928 1936 1994 sitiente
1983 1924 2176 2015 lagena

827 2042 997 2108 Lenia
1040 2041 1229 2112 ‘loturo
1276 2041 1385 2108 sibi
1437 2033 1771 2110 Surrentina
1818 2045 2053 2132 rogavit.

830 2274 1023 2346 ”Heus
1074 2279 1252 2367 bone,
1301 2294 1364 2347 tu
1417 2277 1644 2371 palles?⁹
1722 2277 1902 2347 ”Nihil
1950 2278 2086 2348 est.''
2150 2273 2630 2370 ’‘Videasxtamen
2683 2278 2875 2360 istud,

845 2405 850 2414 ’
3097 2391 3098 2430 l

755 2544 802 2578 ⁹⁸
828 2516 1116 2608 Quicquid
1167 2512 1222 2580 id
1275 2526 1402 2598 est-3·
1445 2520 1632 2606 surgit
1673 2507 1845 2583 tacite
1885 2513 1985 2581 tibi
2035 2505 2187 2580 lutea
2242 2510 2449 2604 penis?
2516 2572 2526 2580 .
3097 2483 3098 2558 Ῐ

833 2632 942 2703 ”At
990 2648 1056 2703 tu
1106 2617 1358 2703 deterius
1407 2635 1603 2726 panes.
1705 2638 1793 2704 Ne
1841 2637 1921 2701 sis
1970 2633 2107 2700 mihi
2164 2633 2345 2701 tutor!
2762 2694 2766 2709 ,

835 2756 964 2822 Jan'i
1022 2754 1244 2844 pridem
1282 2755 1447 2821 'hunc
1488 2752 1696 2845 sepeli:
1749 2753 1812 2821 t'u
1864 2748 2099 2819 restas.”
2203 2748 2448 2841 ”Perge,
2493 2742 2744 2833 mcebff,

833 2988 1118 3080 Tui-gidus
1164 2989 1257 3055 hic
1310 2986 1494 3077 epulis
1542 2968 1719 3080 atque
1762 2987 1892 3056 albo
1944 3000 2148 3055 ventre
2193 2988 2420 3057 lavatur

836 3109 1090 3177 Gutture
1139 3106 1482 3197 sulphureas
1521 3106 1676 3174 lente
1724 3106 2030 3175 exhalante
2079 3107 2376 3197 mephites

745 3246 818 3284 ¹⁰0
843 3228 959 3295 Sed
1013 3232 1226 3293 tremor
1277 3229 1422 3292 inter
1477 3232 1604 3294 vina
1655 3225 1843 3306 subit,
1898 3218 2263 3318 calidumque
2311 3224 2541 3293 triental

841 3349 1074 3413 Excutit
1129 3364 1163 3410 e
1208 3328 1508 3429 manibus»,
1558 3347 1761 3414 dentes
1807 3364 2082 3435 crepuere
2119 3349 2348 3412 retecti:

845 3463 1035 3531 Uncta‘
1075 3442 1290 3530 cadunt
1342 3462 1484 3530 laxis
1536 3478 1675 3531 tunc
1726 3446 2100 3553 pulmentaria
2151 3463 2340 3530 labris,

848 3583 994 3647 Hinc
1051 3580 1218 3664 tuba,
1265 3582 1546 3649 candelae:
1598 3576 1945 3677 tandemque
1995 3581 2259 3649 beatulus
2301 3581 2416 3648 alto

843 3699 1205 3788 Compositus
1257 3698 1431 3784 lecto,
1479 3706 1804 3792 crassisque
1853 3696 2092 3766 lutatus¹
2118 3703 2358 3766 amomis

748 3840 819 3878 ios
847 3821 910 3884 ln
966 3822 1186 3906 portam
1240 3819 1448 3905 rigidas
1492 3819 1680 3885 calces
1729 3817 2015 3900 extendit;
2065 3832 2125 3884 at
2181 3817 2338 3885 illum

812 3962 815 3967 ·
849 3936 1113 4001 Hesterni
1162 3938 1349 4025 capite
1396 3936 1593 4003 induto
1642 3935 1873 4003 subiere
1920 3936 2188 4015 Quirites,

842 4052 1059 4141 Tange,
1116 4056 1315 4137 miser,
1365 4075 1541 4121 venas
1595 4069 1654 4121 et
1704 4077 1850 4145 pone
1889 4057 1942 4122 in
1995 4068 2226 4145 pectore
2275 4054 2566 4120 dextram:

844 4285 974 4356 ''Nit
1024 4289 1172 4357 calet
1217 4285 1358 4356 hic.”
1459 4291 1845 4380 Summosque
1895 4291 2071 4382 pedes
2117 4293 2335 4382 attinge
2390 4304 2746 4376 manusque:
