3163 5314
889 541 967 606 44

893 744 1030 807 Fert
1079 742 1304 805 animus
1350 737 1562 805 calidae
1623 737 1823 803 fecisse
1861 736 2081 804 silentia
2136 738 2322 806 turbae

896 860 1190 948 majestate
1237 877 1454 923 manus:
1506 855 1648 945 quid
1699 855 1905 923 deinde
1950 851 2226 946 loquere?
2266 855 2587 943 ”Quirites,

898 1098 1019 1163 Hoc
1066 1106 1239 1183 puta,
1284 1116 1394 1158 non
1439 1094 1660 1181 justum
1717 1105 1837 1182 est,
1888 1091 2025 1159 illud
2075 1092 2253 1173 male,
2299 1097 2511 1161 rectius
2562 1086 2751 1161 illud?

810 1237 859 1275 10
883 1216 1008 1281 Scis
1054 1214 1270 1308 etenim
1316 1214 1534 1299 justum
1587 1212 1811 1297 gemina
1859 1211 2211 1301 suspendere
2256 1211 2419 1278 lance

892 1334 1168 1422 Ancipitis
1219 1328 1408 1411 librae,
1456 1342 1680 1393 rectum
1732 1327 2034 1409 discernis,
2087 1328 2188 1395 ubi
2239 1332 2387 1396 inter

889 1450 1080 1517 Curva
1126 1446 1310 1531 subit,
1362 1446 1456 1513 vel
1503 1469 1686 1536 quum
1737 1446 1877 1512 fauit
1926 1447 2074 1536 pede
2130 1447 2323 1535 vegula
2378 1469 2548 1532 varo,

891 1572 964 1635 Et
1012 1569 1158 1657 potis
1200 1587 1265 1633 es
1317 1570 1543 1655 nigrum¹
1598 1567 1735 1630 vitio
1791 1563 2083 1652 praefigere
2133 1566 2308 1633 theta.

891 1686 1044 1766 Quin
1095 1698 1161 1751 tu
1213 1686 1383 1772 igitur
1426 1704 1654 1750 summa
1702 1684 2086 1772 nequicquam
2137 1683 2284 1773 pelle
2333 1684 2576 1752 decorus

814 1948 859 1983 ιε
894 1925 1041 1989 Ante
1089 1920 1242 1987 diem
1297 1918 1505 1986 blando
1546 1918 1791 1984 caudam
1835 1920 2056 2008 jactare
2102 1918 2326 2008 popello

886 2040 1138 2121 DesiniS‚
1197 2040 1502 2127 Anticyras
1554 2037 1751 2104 melior
1798 2035 2031 2104 sorbere
2080 2037 2364 2103 meracas!

888 2156 1037 2237 Quae
1079 2154 1182 2221 tibi
1230 2178 1456 2223 summa
1513 2153 1641 2221 boni
1691 2156 1825 2221 est?
1903 2153 2088 2222 Uncta
2138 2156 2351 2222 vixisse
2395 2153 2598 2245 patella

883 2277 1125 2363 Semper
1172 2288 1232 2340 et
1277 2273 1506 2340 assiduo
1545 2285 1742 2340 curata
1796 2272 2044 2340 cuticula
2090 2271 2227 2339 sole.

888 2377 1203 2481 Exspecta,
1252 2391 1406 2459 haud
1457 2391 1611 2458 aliud
1660 2390 2003 2480 respondeat
2051 2391 2176 2456 baec
2215 2412 2377 2457 anus,
2474 2392 2501 2456 1
2558 2410 2736 2455 nunc:

810 2534 862 2571 ²⁰
888 2509 1306 2579 ”Dinomaches
1356 2533 1462 2600 ego
1513 2513 1704 2594 sum'’,
1751 2508 1951 2592 suffla,
2005 2503 2165 2575 ”sum
2209 2503 2535 2576 candiduS.”
2634 2509 2803 2594 Esto,

886 2752 1035 2815 Dum
1093 2768 1165 2811 ne
1213 2744 1465 2810 deterius
1512 2747 1699 2831 sapiat
1746 2748 2026 2836 pannucia
2074 2747 2308 2831 BauciS‚

884 2866 1081 2944 Quum
1129 2862 1278 2928 bene
1326 2861 1601 2928 discincto
1654 2865 1974 2928 cantaverit
2020 2867 2200 2929 ocima
2251 2859 2496 2930 vernae.”

880 2981 958 3049 Ut
1013 3003 1179 3046 nemo
1230 2982 1287 3045 in
1338 3001 1467 3044 sese
1520 2991 1703 3044 tentat
1747 2978 2123 3066 descendere,
2175 3003 2371 3064 nemo;

878 3101 994 3168 Sed
1051 3099 1395 3189 praecedenti
1439 3109 1735 3186 spectatur
1781 3101 2024 3166 mantica
2073 3113 2249 3189 tergo.

806 3356 854 3395 2⁸
881 3335 1218 3413 Quaesieris:
1291 3331 1529 3400 ”Nostin
1580 3332 1796 3399 Vectidi
1852 3334 2147 3422 praedia‘?”
2248 3330 2540 3422 ’'CuJus?’'

883 3449 1101 3516 ''Dives
1126 3466 1272 3519 =arat
1317 3450 1591 3534 Curibus,
1640 3464 1922 3539 quantum
1974 3475 2085 3518 non
2132 3451 2346 3518 milvus
2389 3447 2670 3518 oberrat&

873 3564 1083 3635 ”Hune
1122 3563 1283 3634 aisT'
1337 3563 1538 3635 ”Hunc
1590 3570 1691 3635 Dis
1743 3571 1900 3636 iratis
1949 3569 2246 3659 Genioque
2292 3574 2554 3652 sinistro,
2589 3625 2596 3631 ,

869 3807 1015 3890 Qui,
1052 3804 1395 3897 quandoque
1439 3805 1644 3894 jugum
1696 3818 1928 3895 pertusa
1982 3804 2056 3871 ad
2106 3808 2354 3895 compita
2403 3805 2556 3895 figit,

867 3922 1101 3991 Seriolae
1151 3935 1405 3990 veterem
1458 3935 1720 3991 metuens
1770 3922 2043 3990 deradere
2100 3924 2298 3991 limum

798 4182 847 4220 ao
875 4162 1142 4248 Ingemit:
1203 4161 1325 4228 Hoc
1376 4158 1523 4227 bene
1565 4160 1676 4227 sit!
1727 4162 2046 4230 tunicatum
2101 4181 2236 4228 cum
2284 4158 2403 4228 sale
2451 4159 2717 4229 mordens
