3163 5314
1544 1017 2115 1121 ‘PROLOGUS.

866 1214 993 1281 Nec
1038 1211 1198 1287 fonte
1247 1211 1406 1279 labra
1458 1211 1641 1302 prolui
1692 1211 1992 1299 caballino,

865 1332 992 1399 Nec
1040 1332 1100 1398 in
1146 1329 1366 1421 bicipiti
1409 1332 1730 1398 somniasse
1773 1332 2058 1397 Parnasso

862 1448 1116 1534 Memini,
1164 1460 1234 1516 ut
1282 1460 1522 1539 repente
1575 1450 1662 1513 sic
1713 1460 1879 1538 poeta
1932 1447 2244 1539 prodirem.

864 1564 1381 1658 Heliconiadasque
1432 1563 1821 1656 pallidumque
1867 1567 2131 1632 Pirenen.

784 1706 810 1744 ⁸
863 1684 980 1752 Illis
1027 1686 1276 1767 remitto,
1326 1705 1574 1775 quorum
1629 1684 1907 1771 imagines
1958 1681 2225 1750 lambunt

859 1800 1111 1869 Hederae
1157 1822 1473 1890 sequaces:
1527 1803 1651 1890 ipse
1696 1802 2107 1889 semipaganus

858 1919 953 1986 Ad
999 1940 1167 1987 sacra
1220 1932 1423 1985 vatum
1475 1940 1711 1984 carmen
1756 1917 1938 1985 affero
1988 1931 2268 1987 nostrum.

855 2036 1003 2117 Quis
1052 2036 1352 2127 expedivit
1399 2038 1644 2126 psittaco
1693 2058 1869 2102 suum
1918 2050 2105 2125 χαῖρε.

852 2156 1140 2244 Picasque
1187 2153 1386 2221 docuit
1436 2166 1629 2219 nostra
1686 2153 1869 2221 verba
1910 2154 2152 2224 conari?

752 2295 803 2334 ιο
848 2272 1127 2361 Magister
1174 2272 1316 2337 artis
1365 2272 1674 2361 ingenique
1720 2270 1957 2360 largitor

848 2388 1066 2455 Venter
1112 2403 1353 2479 negatas
1400 2389 1611 2455 artifex
1662 2392 1828 2479 sequi
1887 2410 2078 2458 voceS.

849 2504 1072 2585 Quodsi
1127 2506 1307 2574 dolosi
1353 2529 1489 2596 spes
1537 2507 1829 2573 refulserit
1876 2508 2119 2594 nummi,

845 2622 1065 2691 Corvos
1121 2638 1320 2716 poetas
1373 2638 1433 2693 et
1484 2624 1771 2715 poetridas
1815 2626 1976 2715 picas

844 2739 1093 2808 Cantare
1141 2742 1346 2810 credas
1394 2745 1742 2832 Pegaseium
1791 2756 2010 2810 nectar.

870 2905 935 2958 V.
975 2904 1037 2957 14
1073 2913 1270 2956 nectar.
1314 2910 1623 2970 Lectionem,
1659 2921 1815 2972 quam
1858 2908 2151 2972 recepimus
2197 2908 2421 2960 defendit
2465 2901 2641 2962 Herm.
2689 2912 2742 2964 in
2799 2914 2945 2968 Lect-

735 2987 874 3041 Pers.
909 2990 1052 3055 nep.
1087 2992 1129 3052 1,
1165 3006 1215 3056 p.
1250 2990 1337 3044 29.
3073 2963 3079 3050 l

3071 3139 3077 3258 l

1583 3357 1944 3437 SATIRA
2015 3358 2067 3438 Ι.

830 3521 890 3589 O
940 3543 1111 3589 curas
1162 3519 1573 3611 Ῐῃςῃῐῃψρῐηωιψομ
1597 3535 1896 3613 guantum
1940 3535 2032 3590 est
2079 3497 2140 3590 in
2184 3519 2374 3604 rebus
2413 3522 2620 3610 inape-l¹

828 3640 976 3721 Quis
1004 3639 1157 3730 leget
1184 3637 1370 3710 haec?
1418 3642 1567 3710 »Min
1612 3654 1674 3714 tu
1719 3640 1874 3710 istud
1910 3639 2074 3706 aisn?
2116 3640 2304 3706 Nemo
2331 3637 2583 3706 hercule.
2634 3642 2930 3715 »Nemo‘Pn

827 3758 932 3826 Vel
981 3757 1098 3829 duo
1149 3757 1242 3825 vel
1294 3779 1480 3826 nemo.
1578 3759 1802 3846 »Turpe
1848 3769 1910 3823 et
1960 3755 2317 3824 miserabile»
2367 3757 2608 3838 Quare?

824 3878 913 3943 Ne
963 3876 1104 3948 mihi
1156 3874 1503 3965 Polydamas
1553 3887 1614 3940 et
1663 3873 1932 3944 Troiades
1977 3873 2308 3946 Labeonem

746 4015 772 4053 ⁸
823 3993 1208 4062 Praetulerint.
1282 3990 1498 4080 Nugae!
1569 3993 1715 4077 Non,
1765 3993 1815 4057 si
1866 3991 2007 4081 quid
2059 3992 2286 4061 turbida
2340 3995 2526 4063 Roma

820 4111 1046 4198 Elevet,
1088 4106 1350 4192 accedas,
1399 4130 1725 4199 Qngenve
1773 4107 2100 4199 improbum
2152 4112 2208 4176 in
2262 4110 2357 4178 illa

819 4228 1078 4322 Castiges
1125 4228 1357 4312 trutina,
1401 4238 1628 4329 2922?
1672 4229 2017 4330 quaesiveris
2064 4240 2249 4327 extra.
3037 4215 3063 4612 ‘
