3163 5314
2637 485 2642 490 ,
3043 38 3081 424 i

842 706 1144 778 Percute!”
1249 706 1412 796 ’‘Sed,
1461 733 1690 798 censen,
1741 711 2015 803 plorabit,
2061 714 2269 793 Deve,‘
2306 710 2579 782 mlicta‘e”
2851 783 2856 786 ,
3077 643 3083 1024 1

832 508 913 573 62

837 941 1143 1035 ''Nugarisz
1189 945 1342 1013 solea
1398 968 1542 1036 puer
1592 944 1969 1035 objurgabere
2017 945 2209 1016 rubra.
2319 1001 2329 1018 .

740 1086 814 1125 1⁷⁰
837 1066 928 1131 Ne
977 1063 1263 1154 trepidare
1313 1064 1456 1132 velis
1500 1079 1679 1156 atque
1728 1078 1920 1132 arctos
1963 1065 2165 1132 rodere
2213 1087 2435 1134 casses:

840 1300 1010 1366 Nunc
1060 1297 1217 1365 ferus
1261 1313 1323 1367 et
1376 1297 1626 1383 violenS,
1675 1313 1771 1382 at,
1819 1304 1868 1368 si
1921 1314 2120 1384 vocet,
2166 1302 2321 1369 haud
2371 1325 2528 1372 mora
2578 1303 2770 1372 dicas:
3083 1309 3084 1376 1

3083 1429 3084 1490 l

839 1534 1129 1616 Quidnam
1196 1536 1367 1623 igitur
1416 1533 1669 1601 faciam?
1748 1538 1838 1603 Ne
1887 1559 2072 1621 nunc,
2131 1559 2315 1628 quum
2367 1560 2625 1608 arcessor
2665 1553 2730 1607 et
2781 1538 2936 1607 ultro
3083 1511 3084 1516 ἵ

841 1770 1140 1862 Supplicet
1154 1822 1176 1855 ,
1228 1770 1551 1838 accedam?
1616 1770 1678 1837 Si
1732 1782 1887 1838 totus
1933 1757 1996 1837 et
2045 1775 2268 1861 integer
2316 1773 2469 1843 illinc

845 2010 1099 2089 Exieris,
1149 2026 1258 2072 nec
1302 2026 1486 2071 nunc:
1536 2000 1693 2088 ’'hic,
1743 2006 1839 2074 hic
1898 2027 2074 2095 quem
2122 2010 2468 2097 quaerimus,
2517 2012 2611 2080 hic
2656 2026 2783 2098 est,

746 2154 820 2194 m
845 2132 973 2198 Non
1016 2129 1075 2193 in
1123 2123 1373 2208 festuca,
1418 2122 1584 2192 lictor
1628 2146 1805 2215 quam
1852 2125 2033 2212 jactat
2079 2126 2325 2214 ineptus.

842 2251 950 2316 Jus
992 2241 1171 2311 habet
1219 2240 1313 2307 ille
1359 2245 1448 2307 sui
1492 2242 1692 2331 palpo,
1743 2265 1918 2333 quem
1977 2242 2139 2309 ducit
2179 2242 2434 2311 hiantem

840 2365 1072 2433 Cretata
1114 2357 1397 2426 ambitio?
1476 2360 1655 2448 Vigila
1708 2375 1768 2427 et
1819 2364 1970 2428 cicer
2013 2364 2209 2449 ingere
2257 2360 2413 2450 large

843 2481 1074 2550 Rixanti
1124 2475 1360 2567 populo,
1415 2492 1607 2548 nostra
1659 2492 1725 2546 ut
1781 2478 2015 2545 Floralia
2070 2483 2290 2568 possint

842 2600 1036 2691 Aprici
1085 2598 1415 2663 meminisse
1462 2618 1650 2664 senes.
1748 2596 1901 2676 Quid
1949 2597 2291 2688 pulchrius?
2364 2604 2441 2669 At
2490 2623 2674 2695 quum

746 2744 821 2784 ιω
847 2717 1090 2787 Herodis
1134 2737 1345 2781 venere
1395 2714 1547 2798 dica,
1595 2730 1886 2805 unctaque
1938 2716 2184 2782 fenestra

850 2834 1153 2927 Dispositae
1199 2835 1467 2921 pinguem
1526 2831 1796 2899 nebulam
1844 2854 2118 2901 vomuere
2168 2835 2421 2903 lucernae

844 2958 1146 3023 Portantes
1196 2948 1404 3032 violas',
1446 2948 1807 3041 rubrumque
1856 2951 2120 3041 amplexa
2169 2955 2424 3021 catinum

844 3070 1043 3142 Gauda
1093 3081 1256 3137 natat
1305 3067 1540 3158 thynni,
1590 3081 1777 3136 tumet
1826 3069 1955 3137 alba
2008 3070 2192 3139 fidelia
2243 3073 2405 3155 vino,

847 3308 1037 3381 Labra
1082 3327 1287 3375 moves
1337 3307 1547 3371 tacitus
1595 3305 1955 3395 recutitaque
2002 3304 2295 3373 Sabbatha
2356 3308 2551 3397 palles.

751 3452 822 3492 ωε
847 3431 994 3495 Tum
1040 3426 1187 3512 nigri
1238 3424 1518 3490 Lemures
1565 3444 1794 3511 ovoque
1841 3423 2093 3512 pericuia
2137 3439 2336 3514 rupto,

849 3547 997 3613 Tum
1042 3540 1289 3630 grandes
1332 3540 1479 3609 Galli
1530 3555 1593 3607 et
1644 3561 1780 3608 cum
1827 3544 1996 3608 sistro
2047 3541 2205 3609 lusca
2254 3542 2524 3611 sacerdos

848 3667 1150 3731 lncussere
1196 3659 1337 3726 deos
1380 3659 1644 3726 inflantes
1692 3680 1959 3748 corpora,
1999 3662 2049 3724 si
2103 3684 2215 3728 non

853 3780 1201 3849 Praedictum
1255 3791 1343 3844 tcr
1390 3799 1559 3844 mane
1610 3788 1785 3865 caput
1832 3781 2156 3864 gustaveris
2204 3777 2313 3845 alii.

850 3902 1078 3971 Dixeris
1130 3897 1258 3967 haec
1307 3899 1455 3963 inter
1508 3896 1798 3960 varicosos
1847 3897 2236 3980 centurioneS,

753 4042 827 4081 ιοο
852 4018 1130 4087 Continuo
1176 4036 1436 4082 crassum
1488 4011 1638 4079 ridet
1690 4011 2023 4080 Fulfennius
2074 4018 2276 4104 ingens

855 4138 931 4204 Et
976 4147 1212 4204 centum
1271 4131 1508 4201 Graecos
1551 4142 1720 4199 cuno
1766 4145 2037 4201 centusse
2083 4134 2304 4205 licetur.
