3163 5314
806 522 888 586 66

804 720 1004 789 Infelix
1055 725 1272 810 pecori,
1321 743 1565 791 securus
1622 738 1713 807 et,
1762 722 2008 814 angulus
2058 724 2149 791 ine

804 961 981 1026 Vicini
1036 971 1230 1024 nostro
1280 963 1415 1048 quia
1470 963 1732 1048 pinguior
1783 1000 1872 1012 -·
1933 974 1996 1027 et
2036 963 2086 1026 si
2134 961 2279 1029 adeo
2325 983 2526 1029 omnes

734 1102 782 1141 ιι
814 1082 1111 1146 Ditescant
1159 1079 1267 1142 orti
1327 1075 1645 1166 pejoribus,
1689 1101 1873 1171 usque
1917 1100 2182 1145 recusem

812 1198 1045 1265 Curvus
1094 1192 1171 1261 ob
1223 1193 1278 1260 id
1329 1198 1507 1262 minui
1555 1204 1717 1264 senio
1763 1211 1869 1263 aut
1913 1218 2157 1264 coenare
2203 1200 2329 1266 sine
2379 1210 2553 1265 uncto

816 1316 894 1381 Et
938 1316 1169 1403 signum
1222 1315 1278 1378 in
1325 1314 1532 1401 vapida
1580 1336 1720 1381 naso
1759 1318 2014 1406 tetigisse
2064 1314 2281 1406 lagena.

823 1434 1121 1521 Discrepet
1176 1429 1267 1497 his
1322 1430 1497 1500 alius:
1549 1436 1839 1521 geminos,
1890 1434 2229 1524 horoscope,
2274 1456 2415 1501 varo

820 1545 1099 1616 producis
1144 1547 1344 1616 Genio.
1439 1550 1589 1618 Solis
1640 1550 1926 1618 natalibus
1972 1565 2082 1635 est,
2133 1555 2233 1642 qui

736 1790 1014 1875 ”Tingat
1060 1785 1190 1852 olus
1237 1787 1456 1852 siccum
1517 1789 1702 1853 muria
1755 1735 1918 1854 vafer
1965 1790 2020 1854 in
2066 1787 2244 1854 calice
2288 1802 2514 1879 empta,

810 1910 944 1997 lpse
991 1926 1221 1971 sucrum
1269 1908 1515 1970 irrorans
1564 1907 1777 1995 patinae
1828 1909 2015 1996 piper;
2066 1905 2159 1972 hic
2211 1905 2358 1973 bona
2410 1907 2583 1975 dente

806 2024 1060 2092 Grandia
1114 2026 1511 2113 magnaminus
1563 2027 1784 2113 peragit
1834 2044 1993 2112 puer.
2092 2021 2236 2090 Utar
2280 2046 2418 2113 ego,
2472 2040 2630 2112 utar,

817 2264 942 2328 Nec
994 2258 1266 2328 rhombos
1320 2260 1447 2326 ideo
1496 2258 1715 2326 libertis
1762 2278 1974 2347 ponere
2024 2256 2245 2342 lautus,

809 2382 935 2446 Nec
986 2392 1221 2445 tenuem
1268 2378 1468 2445 sollers
1518 2375 1819 2444 turdarum
1871 2397 2038 2442 nosse
2085 2377 2350 2444 saiivam.

732 2519 782 2557 2³
810 2499 997 2564 Messe
1042 2511 1211 2564 tenus
1262 2499 1484 2587 propria
1543 2499 1677 2560 vive
1723 2507 1785 2560 et
1836 2497 2127 2583 granaria,
2178 2494 2265 2562 fas
2315 2510 2434 2582 est,

818 2732 1046 2800 Emole!
1125 2733 1280 2812 Quid
1345 2734 1601 2799 metuis?
1674 2732 1881 2819 Occa,·
1911 2738 1972 2798 et
2020 2754 2189 2823 seges
2237 2735 2415 2802 altera
2459 2740 2516 2803 in
2572 2739 2751 2809 herba
2803 2759 2914 2815 oet.

813 2977 921 3039 Ast
973 2982 1140 3036 vocat
1190 2967 1473 3034 officium:
1526 2965 1691 3034 trabe
1749 2982 1918 3059 rupta
1962 2972 2183 3037 Bruttia
2232 2993 2371 3038 saxa

819 3204 1056 3274 Prendit
1111 3208 1331 3270 amicus
1378 3205 1540 3292 inops
1586 3226 1822 3294 remque
1869 3227 2099 3272 omnem
2146 3207 2441 3299 surdaque
2488 3226 2623 3279 vota

817 3320 1083 3393 Condidit
1132 3323 1315 3389 ionio:
1368 3323 1525 3410 jacet
1572 3325 1697 3411 ipse
1748 3326 1805 3388 in
1854 3322 2016 3390 litore
2064 3337 2126 3389 et
2178 3347 2286 3390 una

750 3465 802 3504 ao
826 3445 1098 3529 Ingentes
1142 3441 1220 3507 de
1274 3463 1466 3533 puppe
1523 3441 1649 3522 dei,
1695 3443 1931 3531 jamque
1984 3440 2153 3508 obvia
2201 3448 2412 3532 mergis

819 3561 989 3628 Costa
1048 3562 1186 3625 ratis
1241 3559 1458 3625 lacerae.
1560 3561 1730 3624 Nunc
1779 3571 1840 3624 et
1887 3558 1961 3624 de
2011 3564 2229 3649 cespite
2287 3565 2420 3628 vivo

820 3681 1045 3767 Frange
1090 3676 1332 3766 aliquid,
1384 3677 1589 3765 largire
1649 3679 1830 3763 inopi,
1877 3699 1949 3741 ne
2002 3681 2190 3765 pictus
2238 3680 2465 3747 oberret

831 3796 1101 3863 Coerulea
1159 3799 1213 3860 in
1274 3794 1494 3860 tabula!
1579 3795 1692 3860 Sed
1745 3778 1982 3860 coenam
2033 3795 2246 3863 funeris
2295 3800 2462 3865 heres

824 4030 1088 4122 Negliget
1125 4032 1304 4096 iratus
1315 4081 1335 4113 ‚
1384 4028 1536 4118 quod
1592 4050 1711 4093 rem
1759 4035 2104 4117 curtaveris3
2159 4057 2319 4102 urnae

758 4292 810 4330 u
837 4269 988 4336 Ossa
1036 4263 1509 4347 inodora-dabit,
1559 4288 1665 4333 seu
1714 4270 1932 4357 spirent
1965 4272 2226 4338 cinnama
2275 4274 2546 4362 surdum,
