3163 5314
2203 461 2286 528 73

118 685 123 691 -
188 653 478 717 Respondet
522 658 656 707 enim
705 660 872 709 heredi
911 664 1086 721 poeta,
1136 660 1319 719 iratus,
1371 647 1509 723 duod
1543 660 1608 709 ob
1647 665 1837 708 metum
1872 662 2037 710 solum
2070 660 2387 721 largitionem

185 751 288 788 non
326 741 637 801 prohiberet,
674 754 726 791 se
758 743 821 792 ad
858 744 1014 792 alium
1053 756 1195 803 posse
1232 745 1365 792 hona
1400 744 1689 793 transferre.

324 824 388 873 V.
440 824 522 873 55.
595 823 674 872 De
718 824 843 874 aeia
872 823 1016 872 mihil
1050 832 1294 894 superest
1325 827 1539 889 explicat
1573 828 1822 888 Georgius
1859 827 1932 888 (in
1970 827 2149 878 Lexico
2187 830 2250 878 ad
2286 842 2393 879 voe.

189 905 371 964 am'a).·
417 910 538 960 nihil
589 918 814 972 superest
851 911 912 959 de
948 923 1001 959 re
1038 911 1269 960 familiari
1300 912 1372 960 ab
1408 912 1520 959 avia
1557 912 1831 961 hereditate
1866 918 2100 972 accepta,
2148 914 2285 975 quod
2316 920 2398 963 ta-

187 1003 304 1041 men
339 1005 442 1042 non
478 1007 583 1043 esse
620 996 936 1056 probandum
978 1008 1038 1045 ex
1074 1007 1136 1043 eo
1167 994 1487 1055 intelligitur,
1533 996 1672 1055 quod
1701 994 1783 1043 hie
1816 995 1879 1043 de
1913 996 2140 1056 cognatis
2177 997 2401 1057 agnatis-

193 1086 292 1135 que
336 1075 479 1136 ipsis,
527 1090 628 1127 non
677 1080 738 1128 de
783 1079 926 1128 bonis
961 1091 1137 1128 eorum
1173 1077 1360 1139 agitur.
1432 1076 1692 1138 Significat
1724 1077 1914 1126 solum:
1961 1075 2093 1125 einis
2130 1083 2209 1127 est
2244 1078 2400 1140 avia,

112 1199 117 1204 ,
197 1172 223 1203 e
259 1157 369 1206 vita
407 1159 646 1222 excessit,

335 1244 391 1292 V.
430 1243 511 1294 61.
584 1247 882 1307 metaphora
920 1257 948 1294 a
985 1245 1106 1295 ludo
1146 1241 1529 1293 Atheniensium
1565 1249 1760 1301 sumta,
1808 1243 1860 1291 in
1896 1257 2000 1306 quo
2032 1246 2223 1307 primus
2243 1247 2402 1297 facem

199 1327 433 1386 tollebat,
470 1330 650 1380 deinde
684 1330 912 1391 sequenti
947 1330 1207 1385 tradebat,
1243 1328 1491 1377 secundus
1527 1326 1676 1376 tertio
1708 1329 1856 1377 etsie
1890 1330 2149 1391 deinceps,
2196 1331 2403 1380 omnino

200 1408 322 1459 nihil
355 1411 497 1462 aliud
529 1413 735 1463 sortasse
769 1413 1018 1474 signifieat
1052 1413 1174 1462 nisi:
1225 1413 1300 1464 Ne
1335 1418 1451 1461 ante
1483 1416 1685 1471 tempus
1713 1411 1830 1480 (qui
1851 1411 2003 1481 prior
2025 1414 2128 1475 es),
2164 1414 2278 1464 vivo
2294 1427 2405 1474 me,

196 1492 522 1544 hereditatem
559 1504 776 1558 expetas.

339 1575 402 1627 V.
437 1576 533 1636 66,
571 1578 652 1632 67.
726 1580 1161 1642 interpunximus:
1198 1595 1302 1628 neu
1339 1575 1485 1626 dieta
1523 1594 1714 1647 repone
1746 1587 2009 1648 paterna:
2041 1579 2275 1645 {unm-is
2312 1590 2406 1632 etc.

205 1668 414 1712 auctore
455 1662 780 1720 Casaubono,
819 1669 1033 1713 testante
1064 1671 1273 1725 patrum
1312 1677 1417 1714 esse
1454 1665 1541 1714 has
1576 1666 1639 1714 ad
1677 1665 1806 1715 filios
1834 1678 1998 1715 voees.
2067 1663 2147 1724 si,
2178 1664 2234 1712 id
2270 1666 2409 1726 quod

206 1745 326 1796 tecit
387 1747 666 1805 Dueutzer,
723 1747 827 1796 haic
872 1747 1105 1796 heredem
1167 1749 1330 1798 dicere
1393 1748 1748 1808 statuerimus,
1797 1762 1899 1799 non
1948 1750 2213 1799 commode
2259 1748 2410 1797 verba

208 1828 340 1898 quid
375 1828 633 1897 reliquum
670 1836 749 1877 est
783 1831 942 1881 eidem
980 1832 1257 1892 poterimus
1292 1832 1537 1881 tribuere.
1604 1831 1695 1881 Sin
1734 1840 1903 1882 autem
1940 1832 2295 1882 casaubonum
2333 1846 2414 1882 se-

209 1916 439 1977 quimur,
477 1915 560 1964 illa
598 1915 850 1977 aptissime
886 1914 1406 1973 hereditribuuntur,
1441 1915 1628 1977 quippe
1664 1917 1750 1978 qui
1777 1917 1927 1966 nullis
1947 1921 2113 1965 motus
2131 1916 2414 1967 rationibus

210 2002 389 2052 eadem
428 2012 623 2061 semper
658 2003 876 2059 repetat:
912 1995 1209 2048 ’'Minuetur
1243 2012 1320 2049 res
1358 1998 1493 2048 tua.”

350 2084 415 2134 V.
466 2080 550 2131 77.
612 2079 889 2147 plausisse
922 2081 1198 2142 signifieat:
1231 2083 1414 2146 ’'palpo
1454 2088 1742 2143 percutere,
1780 2081 1930 2140 plana
1966 2094 2121 2132 manu
2144 2082 2290 2132 ferire
2312 2119 2326 2140 ,
2359 2083 2414 2133 id

212 2170 353 2231 quod
399 2168 633 2218 videntur
678 2165 848 2215 iecisse
894 2178 1174 2231 mangones
1209 2167 1272 2215 ad
1309 2166 1659 2218 ostentandam
1698 2157 1910 2222 εὐεξίαν
1944 2171 1995 2214 et
2028 2166 2157 2216 bene
2191 2171 2417 2214 curatam

214 2254 385 2304 cutem
423 2249 789 2312 mancipiorum
824 2248 1082 2298 suorum.”
1150 2247 1338 2309 (Verba
1374 2255 1491 2299 sunt.
1527 2249 1811 2299 Casaubom
1848 2251 1911 2299 ad
1948 2248 1999 2304 h.
2037 2249 2111 2309 1.).

1013 2789 1636 2868 GORRIGENDA.

221 2987 282 3036 F.
358 2983 378 3035 1
420 2998 466 3034 v·
521 2984 552 3036 3
587 2985 675 3035 inl.
734 2986 831 3047 leg.
869 2982 1264 3047 umgearbeitete
1298 2978 1539 3039 Ausgnbe
1570 2978 1663 3026 der
1696 2975 1892 3026 Latein·
1924 2975 2293 3042 Schulgramm.
2337 2992 2435 3030 von

936 3049 1212 3105 Grotet'end
1248 3056 1341 3098 etc.
2417 3062 2424 3065 -

229 3144 292 3157 —
345 3121 464 3170 4-
491 3120 550 3172 14
584 3133 694 3181 sup.
743 3144 804 3156 -
858 3119 1169 3179 decessitque
1198 3127 1338 3166 anno
1373 3114 1537 3163 aetatis

229 3189 464 3249 —,5-
518 3187 550 3238 3
585 3189 672 3238 ins.
744 3212 802 3224 —
862 3200 989 3237 verae
1232 3226 1240 3233 .
2419 3198 2426 3203 .

231 3279 296 3292 -
349 3254 380 3305 6
401 3281 463 3294 -
519 3256 547 3305 5
581 3269 694 3318 sup.
748 3254 921 3316 Quum
958 3252 1135 3303 artifex
1171 3262 1200 3299 a
1238 3249 1408 3298 multis
1443 3261 1535 3310 pro
1573 3248 1973 3309 Adjeetivo,··eui
2006 3248 2442 3300 Substantivatri·

805 3324 930 3374 buta
972 3320 1037 3369 sit
1082 3317 1383 3380 significatio
1429 3315 1693 3372 habeatur,
1732 3316 1902 3366 relicta
1940 3316 2035 3365 hae
2081 3319 2357 3376 quaestione
2394 3319 2442 3367 id

823 3396 1022 3441 tautum
1073 3386 1154 3435 hie
1197 3397 1461 3435 monemus
1494 3385 1694 3445 passivo
1731 3394 1880 3432 sensu
1913 3385 1967 3433 h.
2005 3385 2035 3433 l.
2076 3396 2181 3434 esse
2225 3386 2444 3446 positum

826 3456 923 3506 hoe
948 3454 1267 3504 vocabulum.

231 3546 295 3559 -·
318 3547 380 3560 —
404 3550 464 3560 -
494 3521 688 3576 10-12
724 3540 837 3588 sup.
875 3525 969 3586 leg.
1017 3519 1399 3580 Adjectivorum
1458 3524 1640 3569 neutra
1691 3531 1802 3583 pro.¹
1821 3517 2079 3570 Substant.
2118 3521 2281 3581 posita
2325 3533 2441 3568 eum

824 3587 1098 3644 Attrihutis
1143 3586 1404 3645 conjunxit
1449 3587 1491 3634 1.
1533 3582 1673 3644 ¹07..
1711 3586 1777 3634 ll.
1815 3583 1925 3646 74„
1963 3588 2061 3636 ΙΙΙ.
2103 3584 2185 3645 33,
2223 3586 2313 3643 34;
2352 3599 2440 3646 pro

826 3655 1048 3710 Adverb.
1086 3653 1255 3715 posuit
1290 3652 1330 3700 1.
1369 3651 1461 3712 90,
1511 3649 1606 3703 111.
1650 3653 1739 3713 17,
1775 3653 1873 3719 Ἰν,
1911 3653 2003 3711 34,
2052 3654 2114 3707 v,
2158 3652 2275 3711 106,
2322 3651 2441 3710 19⁰,

827 3727 913 3777 Vl.
951 3722 1035 3772 35.

241 3821 306 3834 -··
330 3819 390 3833 ··-
412 3794 559 3848 -13
593 3811 707 3861 sup.
750 3794 878 3844 adde
913 3792 977 3842 V.
1015 3787 1073 3839 61
1115 3784 1262 3848 (seri)

238 3884 477 3905 -·---
503 3863 562 3914 17
619 3890 681 3903 -
747 3865 845 3923 leg.
885 3861 928 3910 1.
969 3855 1090 3915 123,
1136 3855 1233 3904 lli.
1266 3856 1349 3915 28,
1385 3853 1470 3906 29.

237 3956 306 3969 —
329 3957 477 3970 ——
527 3930 559 3981 8
594 3934 684 3983 inl.
751 3956 815 3969 --
883 3936 1148 3986 usurpasse
1206 3972 1210 3977 ,

240 4029 311 4039 --
366 3998 397 4050 7
433 3999 567 4049 -12
599 4013 712 4062 sup.
752 3999 849 4051 add
884 3993 972 4044 IV.
1011 3989 1093 4049 37,
1133 3986 1214 4038 38.

240 4093 304 4106 -
328 4091 475 4104 ——
507 4065 570 4116 16
622 4091 683 4103 -
739 4072 853 4130 poet
887 4058 953 4112 89
990 4058 1106 4107 add.
1149 4054 1263 4114 102,

233 4160 306 4174 ·—
364 4133 481 4184 8-
526 4133 560 4184 2
593 4135 706 4185 add.
743 4133 843 4184 Ci‘r·
882 4132 1120 4192 prffltffl’ffl
1157 4123 1252 4180 ΠΙ.
1285 4130 1369 4190 42,
1406 4132 1469 4181 V.
1512 4128 1624 4190 127,
1662 4126 1931 4185 ubijverba
1962 4119 2139 4184 dieat,
2168 4121 2453 4194 {increpuit

827 4211 930 4250 non
966 4192 1030 4242 ad
1066 4198 1261 4250 eertum
1297 4200 1586 4250 reseruntur
1619 4194 1918 4255 subjectum.

2076 4296 2131 4362 5.
