3163 5314
784 478 866 540 72

640 739 649 748 q
826 675 885 722 V,
924 671 972 721 3.
1049 667 1161 718 Ver.
1196 667 1488 738 primordia
1518 684 1714 718 vocum.
1790 673 1936 722 Hunc
1970 673 2033 723 ad
2069 674 2233 722 locum
2253 673 2478 722 conferas
2498 673 2744 730 Perreau,
2778 685 2877 722 cu-

680 762 764 821 jus
809 760 1016 821 quidem
1057 757 1317 816 explicatio
1364 757 1552 817 optima
1596 757 1740 806 nobis
1790 759 2002 807 videtur.
2075 759 2229 807 Putat
2275 758 2357 806 ille
2400 757 2607 817 intelligi
2655 758 2878 817 primor-

683 845 776 893 diis
813 844 1061 891 elementa
1104 841 1257 889 totius
1295 841 1492 889 musicae
1548 849 1699 903 atque
1736 843 1869 891 hunc
1901 854 2098 891 versum
2135 841 2320 903 opponi
2367 840 2646 901 insequenti
2684 839 2876 900 agique

689 930 751 977 de
786 929 909 976 mira
949 924 1137 986 opificis
1172 926 1434 983 varietate,
1483 927 1569 985 qui
1605 926 1823 988 antiquis
1859 925 2146 976 Graecorum
2181 924 2349 974 metris
2378 924 2659 985 adjunxerit
2675 935 2873 972 marem

682 1012 943 1074 strepitum
980 1011 1088 1058 fidis
1125 1010 1329 1057 Latinae.
1624 1011 1627 1015 “

819 1111 882 1158 V.
920 1109 965 1159 6.
1037 1108 1300 1176 Egregius
1334 1106 1522 1156 lusisse
1559 1125 1735 1157 senex.
1809 1110 1956 1158 Hanc
1993 1110 2280 1167 lectionem,
2319 1124 2429 1173 quae
2471 1110 2576 1158 sola
2611 1122 2670 1157 ex
2699 1108 2874 1157 omni-

690 1197 782 1245 bus
818 1196 1123 1256 probabilem
1161 1194 1310 1242 efficit
1344 1207 1572 1251 sensum,
1643 1195 1777 1243 dedit
1813 1193 1983 1241 Herm.
2022 1194 2060 1241 1.
2099 1207 2146 1253 ρ.
2185 1190 2230 1241 7.

820 1295 885 1343 V.
921 1293 1002 1350 37,
1038 1292 1117 1344 41.
1190 1295 1261 1343 Ex
1296 1295 1575 1355 suspicione
1612 1294 1785 1343 Herm.
1820 1292 1907 1353 (n.
1946 1310 1991 1357 p.
2014 1291 2097 1353 61)
2127 1295 2228 1344 haec
2245 1297 2345 1344 duo
2374 1294 2681 1344 hemistichia
2705 1290 2862 1340 Tune

689 1379 805 1428 bon.
861 1379 958 1428 inc.
995 1377 1238 1427 vainans?
1284 1386 1333 1428 et
1379 1377 1503 1425 Hoec
1533 1376 1632 1426 cin.
1670 1375 1765 1425 ult.
1804 1378 2040 1426 metuas?
2084 1381 2451 1438 transponenda
2495 1386 2625 1428 sunt.
2698 1378 2874 1427 Verba

690 1467 822 1514 enim
861 1463 989 1511 Hoec
1025 1465 1121 1513 ein.
1157 1474 1251 1515 etc.
1288 1466 1348 1513 ad
1384 1465 1663 1523 neglectum
1702 1465 1849 1513 sunus
1868 1471 2088 1525 spectare
2108 1470 2180 1511 est
2206 1462 2549 1518 manifestum,
2587 1462 2669 1509 illa
2691 1471 2868 1511 autem

695 1547 841 1597 Tune
875 1558 966 1599 etc.
1006 1565 1119 1599 cum
1157 1552 1235 1605 iis.
1283 1562 1393 1611 qum
1438 1556 1717 1608 sequuntur
1758 1561 1901 1596 versu
1947 1546 2004 1595 41
2059 1545 2135 1595 At
2185 1552 2243 1593 tu
2278 1556 2398 1604 etc.‚
2437 1548 2618 1608 quibus
2654 1559 2873 1607 respon-

689 1638 835 1686 detur
870 1636 1036 1685 heredi
1074 1648 1250 1692 avaro,
1288 1636 1372 1696 qui
1409 1634 1493 1684 illa
1530 1632 1884 1697 interrogavit,
1921 1633 2269 1693 coniungenda
2308 1640 2440 1681 sunt.

816 1751 878 1800 V.
916 1749 997 1801 39.
1067 1749 1236 1799 Maris
1272 1765 1459 1816 expers
1494 1751 1629 1799 haud
1665 1761 1865 1810 parvam
1905 1749 2243 1799 difficultatem
2265 1752 2474 1811 praebuit
2492 1750 2871 1810 interpretibus.

688 1837 899 1887 Casaub.
939 1851 1122 1903 sapere
1160 1852 1290 1882 mar.
1327 1849 1513 1901 expers
1548 1835 1782 1893 explicat:
1828 1823 2058 1898 ἄῤῥενος
2095 1826 2252 1882 οὐδὲν
2290 1831 2513 1898 ἔχουσα,
2563 1831 2870 1901 effeminata

690 1919 979 1987 sapientia,
1017 1924 1325 1981 alteramque
1360 1921 1508 1968 etiam
1547 1916 1804 1977 subiungit
1839 1917 2322 1978 interpretationem,
2361 1928 2416 1970 ut
2449 1922 2511 1970 sit
2546 1916 2687 1987 qnod
2717 1936 2869 1968 mare

687 2022 969 2073 numquam
1005 2013 1083 2052 est
1119 2010 1417 2072 expertum,
1463 2004 1581 2051 dum
1621 2008 1764 2062 putat
1800 2015 1988 2064 expers
2026 2016 2165 2063 posse
2199 2004 2478 2064 significare
2513 2012 2563 2054 et
2596 2004 2662 2053 τὸ
2697 1998 2867 2054 ἄπει·

684 2108 785 2160 ρον
829 2099 878 2140 et
906 2091 969 2141 τὸ
997 2086 1288 2158 ἔμπειρον,
1337 2090 1473 2151 quod
1503 2094 1558 2136 ut
1590 2087 1790 2147 probet,
1835 2086 2021 2145 profert
2052 2087 2145 2138 alia
2184 2088 2451 2143 voeabula,
2489 2102 2601 2150 quae
2616 2090 2871 2139 affirment

689 2178 818 2226 idem
857 2184 905 2225 et
941 2185 1147 2238 negent,
1186 2169 1447 2241 eqelidus,
1493 2168 1752 2236 inst-actus
1790 2170 1901 2218 alia.
1971 2169 2083 2219 Non
2122 2182 2148 2217 a
2184 2170 2506 2221 similitudine
2544 2175 2870 2238 veriyidetur

687 2262 978 2317 abhorrere,
1016 2260 1241 2309 Persium
1277 2260 1340 2307 ad
1375 2258 1653 2316 exemplum
1693 2254 1816 2302 Hor.
1851 2252 1953 2302 Sat.
1991 2255 2056 2302 11.
2094 2252 2141 2302 8.
2183 2251 2269 2309 15,
2307 2262 2364 2304 ut
2394 2258 2628 2318 ambigue
2645 2259 2863 2316 diceret,

686 2345 929 2393 vocabula
964 2345 1046 2393 illa
1083 2341 1246 2390 maris
1287 2355 1473 2408 expers
1507 2340 1845 2398 coniunxisse,
1890 2350 2046 2400 quum
2085 2346 2353 2410 utrumque
2379 2340 2428 2388 in
2470 2342 2726 2402 geminum
2745 2355 2867 2392 sen-

685 2441 794 2477 sum
844 2434 1007 2487 posset
1054 2429 1236 2489 accipi.
1283 2429 1445 2483 ipsum
1491 2430 1658 2472 autem
1706 2419 1868 2469 maris
1915 2436 2102 2489 expers
2149 2436 2237 2483 pro
2274 2425 2560 2474 effeminato
2598 2426 2863 2487 accepisse.

685 2512 884 2573 Anceps
921 2519 1086 2560 autem
1123 2514 1206 2561 illa
1243 2510 1380 2559 notio
1418 2520 1573 2570 quum
1611 2507 1842 2557 Suethice
1876 2521 1978 2556 non
2017 2509 2170 2570 possit
2204 2509 2376 2563 reddi..
2405 2509 2765 2560 convertimus:
2805 2525 2864 2558 ο-

685 2594 900 2665 manliq.
970 2597 1233 2646 Turnebus
1267 2600 1499 2641 nostrum
1528 2589 1580 2637 11.
1618 2609 1684 2639 m.
1719 2608 1837 2660 exp.
1873 2605 1902 2641 a
1940 2594 2328 2654 praecedentibus
2351 2600 2573 2653 separat,
2620 2595 2864 2655 explicat-

685 2695 809 2743 que:
845 2688 1014 2731 nostra
1049 2681 1304 2740 disciplina
1340 2679 1503 2738 coepit
1538 2679 1790 2727 contemni
1829 2685 1884 2727 ut
1919 2678 2209 2737 cismarina,
2259 2692 2360 2727 non
2396 2685 2454 2727 ut
2484 2677 2656 2728 Graeca
2694 2686 2861 2729 trans-

686 2766 901 2821 marina;
942 2778 1040 2812 non
1076 2764 1206 2811 malo
1244 2763 1445 2823 quidem
1486 2765 1569 2811 sed
1609 2770 1783 2811 coacto
1829 2764 1889 2811 de
1924 2763 2168 2813 sententia
2207 2761 2418 2815 casaub.
2464 2775 2627 2810 sensu.

818 2880 881 2927 V.
917 2877 1008 2937 46,
1043 2877 1121 2927 47.
1191 2873 1468 2945 Gausape:
1503 2878 1691 2940 ”genus
1729 2881 1869 2941 pilei,
1906 2894 2007 2942 quo
2044 2882 2353 2941 captivorum
2391 2881 2551 2941 capita
2575 2881 2859 2928 indueban-

687 2964 799 3016 tur”
838 2965 1062 3025 (Schol.);
1098 2977 1156 3014 ex
1193 2978 1292 3026 quo
1328 2964 1568 3024 suspicari
1607 2966 1721 3014 licet
1756 2967 1985 3027 gausapis
2019 2965 2285 3026 significari
2320 2965 2697 3025 capillamenta,
2742 2977 2856 3025 quae

686 3051 860 3102 rutilas
908 3051 1274 3102 Germanorum
1315 3062 1482 3098 comas
1530 3048 1862 3098 imitarentur.
1934 3048 2033 3098 Cl'r.
2079 3050 2199 3100 Tac.
2239 3048 2341 3097 Vit.
2381 3048 2500 3108 Agr.
2532 3045 2612 3096 39.
2648 3048 2859 3108 ”emptis

685 3152 772 3201 per
819 3135 1142 3193 commercia,
1190 3146 1405 3196 quorum
1452 3134 1651 3181 babitus
1696 3144 1747 3184 et
1791 3135 1948 3183 crines
1984 3136 2033 3183 in
2070 3134 2381 3193 captivorum
2416 3133 2628 3193 speciem
2666 3132 2859 3181 sorma-

682 3219 903 3272 rentur.'’
966 3219 1244 3280 Koenigio,
1283 3219 1368 3280 qui
1407 3220 1595 3278 primus
1628 3218 1755 3267 hanc
1775 3218 1940 3267 attulit
1960 3217 2362 3277 explicationem,
2398 3217 2578 3264 assensi
2597 3223 2715 3264 sunt
2732 3216 2858 3264 Per-

685 3318 805 3354 reau
834 3311 884 3352 et
910 3303 1174 3352 nuentzer.
1222 3304 1337 3352 Jam
1366 3315 1485 3351 vero
1502 3303 1563 3350 de
1579 3299 1873 3370 ingentibus
1894 3297 2091 3348 Rheni:
2111 3307 2183 3350 est
2203 3299 2495 3360 dicendum,
2532 3300 2716 3361 quibus
2740 3299 2854 3349 Cas.

685 3386 893 3447 intelligi
929 3387 1032 3433 vult
1068 3387 1336 3436 Rhenanus
1372 3385 1623 3445 homines;
1671 3386 1881 3446 Koenig.
1932 3393 2099 3435 autem
2125 3386 2402 3446 suspicatur
2426 3397 2527 3433 esse
2545 3385 2854 3435 variasima-

683 3473 819 3534 gines
854 3470 1070 3519 fluminis
1106 3469 1296 3528 Rheni,
1333 3470 1512 3529 quibus
1549 3471 1736 3519 diversa
1772 3472 1877 3530 ejus
1913 3471 2036 3518 ostia
2075 3475 2234 3517 essent
2269 3481 2519 3528 expressa,
2556 3482 2768 3531 quaeque
2802 3471 2855 3518 in

684 3555 939 3616 triumpho
975 3554 1103 3602 circa
1136 3553 1335 3602 victoris
1369 3565 1570 3601 currum
1603 3555 1927 3611 ducerentur:
1964 3555 2279 3615 cuiquidem
2318 3564 2375 3601 eo
2414 3552 2646 3601 libentius
2683 3565 2855 3602 assen-

685 3642 866 3697 timur,
913 3638 1049 3700 quod
1094 3637 1174 3686 hic
1218 3638 1277 3685 de
1321 3634 1474 3684 rebus
1522 3646 1715 3687 tantum
1763 3639 1826 3685 ad
1873 3639 2181 3700 triumphurn
2220 3636 2529 3695 necessariis,
2586 3651 2709 3700 quas
2743 3636 2853 3686 Cae-

683 3725 824 3773 sonia
859 3724 1033 3773 Romae
1068 3721 1399 3781 comparavit,
1433 3722 1625 3781 agitur,
1661 3705 1914 3773 non'vero
1953 3727 2012 3774 de
2050 3724 2333 3773 bominibus
2358 3722 2432 3769 vel
2454 3723 2686 3783 captivis,
2724 3735 2855 3783 quos

684 3807 958 3868 Caligulam
994 3806 1155 3867 ipsum
1191 3805 1241 3852 in
1279 3805 1438 3856 Gallia
1477 3806 1650 3865 legisse
1688 3814 1857 3856 narrat
1891 3807 2159 3859 Suetonius
2198 3808 2372 3870 (Calig.
2412 3806 2516 3867 47).

817 3926 881 3974 V.
921 3921 1010 3980 51,
1059 3922 1139 3972 52.
1210 3923 1331 3980 Hic,
1369 3929 1424 3971 ut
1459 3936 1605 3983 saepe
1641 3925 1789 3982 alias,
1839 3925 2184 3976 Hermannum
2221 3928 2377 3976 secuti
2411 3939 2608 3983 summ,
2656 3924 2742 3986 qui
2778 3924 2851 3972 11.

688 4025 735 4071 p.
783 4008 862 4058 62.
903 4021 1011 4070 sqq.
1059 4009 1185 4058 hanc
1230 4009 1330 4057 fere
1377 4009 1610 4070 proponit
1657 4011 2059 4070 explicationem:
2104 4024 2206 4060 non
2241 4012 2366 4060 adeo
2404 4011 2592 4060 vicinus
2626 4018 2745 4071 ager
2778 4017 2853 4059 est

685 4101 963 4151 exossatuS,
1004 4093 1263 4154 (lapidibus
1301 4106 1511 4151 vacuus;
1551 4092 1735 4154 lapides
1771 4096 1904 4143 enim
1932 4103 2050 4145 sunt
2068 4108 2174 4145 ossa
2196 4098 2353 4155 terrai)
2379 4102 2462 4153 ut,
2499 4096 2568 4152 si,
2607 4107 2718 4157 quae
2736 4107 2853 4144 sen-

683 4179 833 4240 tiam„
879 4179 1045 4240 eloqui
1082 4179 1292 4227 audeam
1329 4179 1743 4240 largitionemque
1777 4181 2067 4239 prohibere,
2114 4193 2140 4229 a
2178 4181 2390 4241 populo,
2427 4180 2670 4242 lapidibus
2688 4163 2851 4228 exilio

687 4262 878 4324 petitis,
934 4263 1077 4313 obrui
1123 4276 1225 4312 non
1271 4263 1468 4323 possim.
1547 4262 1626 4311 Ita
1676 4262 1826 4311 etiam
1872 4276 1987 4312 cum
2037 4266 2356 4326 sequentibus
2397 4266 2502 4315 baec
2536 4263 2852 4315 convenient.
