3163 5314
1593 1007 1935 1090 SATIRA
2003 1008 2091 1082 ΙΙ.

1447 1218 1532 1284 Ad
1585 1219 1832 1285 Plotium
1884 1220 2216 1284 Macrinum.

863 1392 1056 1474 Q,
1109 1388 1391 1465 Macrine,
1441 1387 1597 1471 diem
1649 1409 1885 1453 numera
1933 1386 2423 1477 meliore-lapillo,

857 1628 968 1712 Qui
1021 1623 1123 1689 tibi
1178 1621 1434 1699 labentes
1480 1628 1713 1714 apponit
1759 1624 2036 1690 candidus
2087 1647 2283 1707 annos.

861 1863 1060 1929 Funde
1118 1882 1340 1926 merum
1390 1860 1587 1926 Genio.
1688 1865 1815 1928 Non
1866 1876 1931 1927 tu
1982 1845 2155 1951 prece
2207 1869 2393 1954 poscis
2438 1870 2651 1949 emaci,

855 1983 1002 2060 Quae
1053 1983 1159 2045 nisi
1208 1978 1466 2044 seductis
1519 2002 1774 2069 nequeas
1826 1982 2185 2046 committere
2233 1982 2397 2050 divis.

801 2151 822 2184 ⁵
858 2102 930 2166 At
980 2099 1125 2165 bona
1179 2119 1311 2186 pars
1361 2118 1661 2185 procerum
1712 2102 1884 2165 tacita
1933 2097 2133 2165 libabit
2177 2122 2390 2167 acerra.

853 2217 1019 2284 Haud
1071 2218 1256 2281 cuivis
1307 2228 1595 2304 promtum
1646 2231 1763 2298 est,
1816 2239 2195 2307 murmurque
2248 2220 2607 2308 humilesque
2659 2242 2935 2288 susurros

848 2335 1064 2402 Tollere
1115 2334 1187 2399 de
1234 2333 1463 2423 templis
1510 2348 1570 2399 et
1620 2349 1818 2424 aperto
1859 2338 2058 2401 vivere
2108 2349 2262 2402 voto,

847 2450 1041 2520 ”Mens
1082 2454 1256 2537 bona,
1311 2453 1490 2539 sama,
1542 2450 1745 2520 fides!”
1774 2494 1865 2506 --
1895 2455 2022 2520 haec
2048 2453 2227 2538 clare,
2276 2468 2335 2519 et
2363 2467 2427 2519 ut
2452 2453 2648 2520 audiat
2683 2454 2931 2546 hospae3

845 2692 945 2759 Illa
997 2691 1107 2759 sibi
1160 2696 1465 2769 introrsum
1519 2705 1579 2757 et
1623 2691 1737 2758 sub
1797 2692 1986 2780 lingua
2038 2705 2389 2758 murmurat:
2444 2688 2531 2758 ”0
2580 2694 2629 2758 si

788 2955 831 2990 ιο
853 2929 1101 2997 Ebulliat
1159 2945 1426 3031 patruus·
1443 2928 1784 3017 praeclarum
1839 2922 2071 2993 sunusl”
2113 2946 2198 2977 -’-
2259 2940 2348 2992 et:
2397 2923 2579 3026 '’Q-*si
2877 2977 2906 3025 χ

844 3050 968 3142 §ub
1002 3062 1184 3115 rastro
1231 3061 1427 3139 crepet
1477 3051 1696 3143 argenti
1750 3047 1887 3113 mihi
1938 3047 2085 3111 seria
2134 3045 2339 3112 dextro

847 3265 1150 3352 Hercule!''
1208 3325 1300 3339 -—
1356 3282 1745 3376 ”pupillumve
1801 3286 2048 3367 utinam,
2103 3305 2275 3373 quem
2331 3286 2621 3372 proximus
2672 3285 2840 3350 heres

846 3405 1106 3493 Impello,
1157 3426 1519 3503 expungam,
1571 3424 1823 3493 namque
1870 3414 1960 3467 est
2009 3400 2304 3467 scabiosus
2352 3416 2411 3466 et
2447 3404 2564 3467 acri

843 3522 963 3589 Bile
1016 3523 1227 3588 tumet!
1308 3524 1480 3588 Nerio
1523 3524 1643 3609 jam
1694 3524 1859 3587 tertia
1908 3519 2140 3585 ducitur
2181 3514 2374 3585 uxor-‚⁹⁹
2445 3498 2449 3505 ⁸

777 3664 818 3702 ιε,
845 3644 985 3709 Haec
1028 3622 1226 3707 sancte
1273 3654 1335 3705 ut
1386 3660 1621 3729 poscaS,
1668 3637 1928 3705 Tiberino
1984 3641 2039 3703 in
2087 3639 2313 3725 'gurgite
2365 3637 2574 3723 mergis

839 3882 1004 3945 Mane
1053 3891 1224 3967 caput
1282 3874 1367 3943 bis
1426 3890 1630 3968 terque
1678 3890 1735 3942 et
1784 3888 2006 3941 noctem
2060 3873 2295 3939 flumine
2346 3894 2572 3961 purgas

831 4000 990 4064 Heus
1028 4018 1161 4085 age,
1212 3995 1521 4086 responde:
1571 4034 1661 4045 —
1707 3996 2003 4082 minimum
2038 4005 2165 4074 aet,
2214 3990 2367 4081 quod
2400 3992 2549 4056 scire
2585 3990 2778 4059 laboro
2821 4034 2929 4048 -0

832 4119 919 4182 De
969 4118 1113 4183 Jove
1163 4116 1300 4206 quid
1343 4115 1570 4181 sentis?
1643 4114 1849 4197 Estne,
1899 4124 1965 4178 ut
2018 4125 2349 4201 praeponere
2400 4131 2571 4175 cures

601 5215 962 5314 Π
