<?xml version="1.0" encoding="UTF-8"?>
<!DOCTYPE html PUBLIC "-//W3C//DTD XHTML 1.0 Transitional//EN"
    "http://www.w3.org/TR/xhtml1/DTD/xhtml1-transitional.dtd">
<html xmlns="http://www.w3.org/1999/xhtml" xml:lang="en" lang="en">
 <head>
  <title>
</title>
<meta http-equiv="Content-Type" content="text/html;charset=utf-8" />
  <meta name='ocr-system' content='tesseract 3.04.00' />
  <meta name='ocr-capabilities' content='ocr_page ocr_carea ocr_par ocr_line ocrx_word'/>
</head>
<body>
  <div class='ocr_page' id='page_1' title='image "./satirinsuethicu00persgoog_0040.png"; bbox 0 0 3163 5314; ppageno 0'>
   <div class='ocr_carea' id='block_1_1' title="bbox 812 517 936 582">
    <p class='ocr_par' dir='ltr' id='par_1_1' title="bbox 812 517 936 582">
     <span class='ocr_line' id='line_1_1' title="bbox 812 517 936 582; baseline 0.008 -1"><span class='ocrx_word' id='word_1_1' title='bbox 812 517 936 582; x_wconf 81' lang='lat'><strong>&#39;30</strong></span> 
     </span>
    </p>
   </div>
   <div class='ocr_carea' id='block_1_2' title="bbox 772 721 2556 1290">
    <p class='ocr_par' dir='ltr' id='par_1_2' title="bbox 845 721 2556 1175">
     <span class='ocr_line' id='line_1_2' title="bbox 846 721 2383 813; baseline 0.006 -29"><span class='ocrx_word' id='word_1_2' title='bbox 846 721 1038 813; x_wconf 49' lang='lat' dir='ltr'><strong>Roscis</strong></span> <span class='ocrx_word' id='word_1_3' title='bbox 1071 742 1236 809; x_wconf 78' lang='lat' dir='ltr'><strong>cpem</strong></span> <span class='ocrx_word' id='word_1_4' title='bbox 1290 725 1482 787; x_wconf 90' lang='lat' dir='ltr'><strong>nervis</strong></span> <span class='ocrx_word' id='word_1_5' title='bbox 1533 743 1855 813; x_wconf 79' lang='lat' dir='ltr'>corpusque</span> <span class='ocrx_word' id='word_1_6' title='bbox 1907 722 2073 789; x_wconf 89' lang='lat' dir='ltr'><strong>fidele</strong></span> <span class='ocrx_word' id='word_1_7' title='bbox 2117 741 2383 795; x_wconf 75' lang='lat' dir='ltr'><strong>senectae.</strong></span> 
     </span>
     <span class='ocr_line' id='line_1_3' title="bbox 845 837 2556 936; baseline 0.008 -35"><span class='ocrx_word' id='word_1_8' title='bbox 845 837 1015 922; x_wconf 69' lang='lat' dir='ltr'><strong>Esto,</strong></span> <span class='ocrx_word' id='word_1_9' title='bbox 1066 859 1188 927; x_wconf 83' lang='lat' dir='ltr'><strong>age.</strong></span> <span class='ocrx_word' id='word_1_10' title='bbox 1287 840 1402 906; x_wconf 90' lang='lat' dir='ltr'><strong>Sed</strong></span> <span class='ocrx_word' id='word_1_11' title='bbox 1452 839 1698 928; x_wconf 81' lang='lat' dir='ltr'><strong>grandes</strong></span> <span class='ocrx_word' id='word_1_12' title='bbox 1749 852 1958 928; x_wconf 77' lang='lat' dir='ltr'><strong>patinae</strong></span> <span class='ocrx_word' id='word_1_13' title='bbox 2008 854 2317 936; x_wconf 87' lang='lat' dir='ltr'><strong>tucetaque</strong></span> <span class='ocrx_word' id='word_1_14' title='bbox 2365 870 2556 915; x_wconf 86' lang='lat' dir='ltr'><strong>crassa</strong></span> 
     </span>
     <span class='ocr_line' id='line_1_4' title="bbox 846 956 2545 1050; baseline 0.009 -33"><span class='ocrx_word' id='word_1_15' title='bbox 846 956 1114 1021; x_wconf 85' lang='lat' dir='ltr'><strong>Annuere</strong></span> <span class='ocrx_word' id='word_1_16' title='bbox 1148 958 1234 1024; x_wconf 90' lang='lat' dir='ltr'><strong>his</strong></span> <span class='ocrx_word' id='word_1_17' title='bbox 1268 980 1527 1047; x_wconf 80' lang='lat' dir='ltr'><strong>superos</strong></span> <span class='ocrx_word' id='word_1_18' title='bbox 1579 971 1818 1024; x_wconf 86' lang='lat' dir='ltr'><strong>vetuere</strong></span> <span class='ocrx_word' id='word_1_19' title='bbox 1863 960 2199 1050; x_wconf 81' lang='lat' dir='ltr'><strong>Jovemque‚</strong></span> <span class='ocrx_word' id='word_1_20' title='bbox 2238 979 2545 1033; x_wconf 87' lang='lat' dir='ltr'><strong>morantur.</strong></span> 
     </span>
     <span class='ocr_line' id='line_1_5' title="bbox 847 1072 2453 1175; baseline 0.009 -38"><span class='ocrx_word' id='word_1_21' title='bbox 847 1072 992 1138; x_wconf 90' lang='lat' dir='ltr'><strong>Rem</strong></span> <span class='ocrx_word' id='word_1_22' title='bbox 1037 1086 1262 1142; x_wconf 87' lang='lat' dir='ltr'><strong>struere</strong></span> <span class='ocrx_word' id='word_1_23' title='bbox 1307 1089 1545 1166; x_wconf 84' lang='lat' dir='ltr'><strong>exoptas</strong></span> <span class='ocrx_word' id='word_1_24' title='bbox 1591 1099 1742 1143; x_wconf 84' lang='lat' dir='ltr'><strong>caeso</strong></span> <span class='ocrx_word' id='word_1_25' title='bbox 1793 1076 1942 1143; x_wconf 90' lang='lat' dir='ltr'><strong>bove</strong></span> <span class='ocrx_word' id='word_1_26' title='bbox 1991 1079 2453 1175; x_wconf 81' lang='lat' dir='ltr'><strong>Mercuriumque</strong></span> 
     </span>
    </p>

    <p class='ocr_par' dir='ltr' id='par_1_3' title="bbox 772 1189 2199 1290">
     <span class='ocr_line' id='line_1_6' title="bbox 772 1189 2199 1290; baseline 0.008 -37"><span class='ocrx_word' id='word_1_27' title='bbox 772 1210 820 1246; x_wconf 74' lang='lat'><strong>4⁵</strong></span> <span class='ocrx_word' id='word_1_28' title='bbox 850 1189 1107 1259; x_wconf 89' lang='lat' dir='ltr'><strong>Arcessis</strong></span> <span class='ocrx_word' id='word_1_29' title='bbox 1151 1192 1308 1285; x_wconf 79' lang='lat' dir='ltr'><strong>fibra.</strong></span> <span class='ocrx_word' id='word_1_30' title='bbox 1412 1191 1530 1290; x_wconf 59' lang='lat' dir='ltr'><strong>”pa</strong></span> <span class='ocrx_word' id='word_1_31' title='bbox 1589 1195 1876 1263; x_wconf 80' lang='lat' dir='ltr'><strong>fortunare</strong></span> <span class='ocrx_word' id='word_1_32' title='bbox 1925 1198 2199 1283; x_wconf 87' lang='lat' dir='ltr'><strong>Penates,</strong></span> 
     </span>
    </p>
   </div>
   <div class='ocr_carea' id='block_1_3' title="bbox 860 1429 2664 1530">
    <p class='ocr_par' dir='ltr' id='par_1_4' title="bbox 860 1429 2664 1530">
     <span class='ocr_line' id='line_1_7' title="bbox 860 1429 2664 1530; baseline 0.009 -36"><span class='ocrx_word' id='word_1_33' title='bbox 860 1429 942 1520; x_wconf 69' lang='lat' dir='ltr'><strong>pa</strong></span> <span class='ocrx_word' id='word_1_34' title='bbox 997 1453 1175 1520; x_wconf 88' lang='lat' dir='ltr'><strong>pecus</strong></span> <span class='ocrx_word' id='word_1_35' title='bbox 1226 1447 1287 1500; x_wconf 90' lang='lat' dir='ltr'><strong>et</strong></span> <span class='ocrx_word' id='word_1_36' title='bbox 1334 1432 1605 1525; x_wconf 79' lang='lat' dir='ltr'><strong>gregibus</strong></span> <span class='ocrx_word' id='word_1_37' title='bbox 1653 1430 1930 1501; x_wconf 83' lang='lat' dir='ltr'><strong>foetum!&#39;&#39;</strong></span> <span class='ocrx_word' id='word_1_38' title='bbox 1992 1434 2122 1514; x_wconf 90' lang='lat' dir='ltr'><strong>Quo</strong></span> <span class='ocrx_word' id='word_1_39' title='bbox 2173 1441 2422 1525; x_wconf 87' lang='lat' dir='ltr'><strong>pessime</strong></span> <span class='ocrx_word' id='word_1_40' title='bbox 2471 1456 2664 1530; x_wconf 84' lang='lat' dir='ltr'><strong>pacto,</strong></span> 
     </span>
    </p>
   </div>
   <div class='ocr_carea' id='block_1_4' title="bbox 775 1670 2726 2124">
    <p class='ocr_par' dir='ltr' id='par_1_5' title="bbox 844 1670 2710 1997">
     <span class='ocr_line' id='line_1_8' title="bbox 846 1670 2710 1768; baseline 0.007 -33"><span class='ocrx_word' id='word_1_41' title='bbox 846 1672 950 1736; x_wconf 90' lang='lat' dir='ltr'><strong>Tot</strong></span> <span class='ocrx_word' id='word_1_42' title='bbox 1004 1670 1105 1738; x_wconf 88' lang='lat' dir='ltr'><strong>tibi</strong></span> <span class='ocrx_word' id='word_1_43' title='bbox 1157 1694 1338 1764; x_wconf 90' lang='lat' dir='ltr'><strong>quum</strong></span> <span class='ocrx_word' id='word_1_44' title='bbox 1386 1675 1441 1737; x_wconf 88' lang='lat' dir='ltr'><strong>in</strong></span> <span class='ocrx_word' id='word_1_45' title='bbox 1486 1672 1716 1739; x_wconf 84' lang='lat' dir='ltr'><strong>flamma</strong></span> <span class='ocrx_word' id='word_1_46' title='bbox 1762 1674 2018 1762; x_wconf 83' lang='lat' dir='ltr'><strong>junicum</strong></span> <span class='ocrx_word' id='word_1_47' title='bbox 2068 1687 2295 1740; x_wconf 88' lang='lat' dir='ltr'><strong>omenta</strong></span> <span class='ocrx_word' id='word_1_48' title='bbox 2348 1675 2710 1768; x_wconf 75' lang='lat' dir='ltr'><strong>liquescant?</strong></span> 
     </span>
     <span class='ocr_line' id='line_1_9' title="bbox 847 1789 2343 1880; baseline 0.004 -27"><span class='ocrx_word' id='word_1_49' title='bbox 847 1789 922 1853; x_wconf 85' lang='lat' dir='ltr'><strong>At</strong></span> <span class='ocrx_word' id='word_1_50' title='bbox 975 1802 1166 1856; x_wconf 84' lang='lat' dir='ltr'><strong>tamen</strong></span> <span class='ocrx_word' id='word_1_51' title='bbox 1230 1789 1323 1856; x_wconf 87' lang='lat' dir='ltr'><strong>hic</strong></span> <span class='ocrx_word' id='word_1_52' title='bbox 1372 1792 1522 1857; x_wconf 83' lang='lat' dir='ltr'><strong>extis</strong></span> <span class='ocrx_word' id='word_1_53' title='bbox 1571 1803 1633 1857; x_wconf 90' lang='lat' dir='ltr'><strong>et</strong></span> <span class='ocrx_word' id='word_1_54' title='bbox 1684 1792 1872 1880; x_wconf 89' lang='lat' dir='ltr'><strong>opimo</strong></span> <span class='ocrx_word' id='word_1_55' title='bbox 1924 1791 2156 1856; x_wconf 86' lang='lat' dir='ltr'><strong>vincere</strong></span> <span class='ocrx_word' id='word_1_56' title='bbox 2198 1792 2343 1859; x_wconf 80' lang='lat' dir='ltr'><strong>ferto</strong></span> 
     </span>
     <span class='ocr_line' id='line_1_10' title="bbox 844 1903 2490 1997; baseline 0.004 -26"><span class='ocrx_word' id='word_1_57' title='bbox 844 1908 1110 1975; x_wconf 84' lang='lat' dir='ltr'><strong>Intendit.</strong></span> <span class='ocrx_word' id='word_1_58' title='bbox 1213 1903 1372 1974; x_wconf 84' lang='lat' dir='ltr'><strong>&#39;’Jam</strong></span> <span class='ocrx_word' id='word_1_59' title='bbox 1424 1923 1630 1975; x_wconf 77' lang='lat' dir='ltr'><strong>crescit</strong></span> <span class='ocrx_word' id='word_1_60' title='bbox 1682 1931 1845 1997; x_wconf 84' lang='lat' dir='ltr'><strong>ager,</strong></span> <span class='ocrx_word' id='word_1_61' title='bbox 1889 1910 2009 1996; x_wconf 89' lang='lat' dir='ltr'><strong>jam</strong></span> <span class='ocrx_word' id='word_1_62' title='bbox 2060 1912 2267 1974; x_wconf 84' lang='lat' dir='ltr'><strong>crescit</strong></span> <span class='ocrx_word' id='word_1_63' title='bbox 2312 1909 2490 1996; x_wconf 87' lang='lat' dir='ltr'><strong>ovile,</strong></span> 
     </span>
    </p>

    <p class='ocr_par' dir='ltr' id='par_1_6' title="bbox 775 2026 2726 2124">
     <span class='ocr_line' id='line_1_11' title="bbox 775 2026 2726 2124; baseline 0.006 -35"><span class='ocrx_word' id='word_1_64' title='bbox 775 2044 823 2082; x_wconf 74' lang='lat' dir='ltr'><strong>so</strong></span> <span class='ocrx_word' id='word_1_65' title='bbox 849 2026 976 2092; x_wconf 84' lang='lat' dir='ltr'><strong>Jam</strong></span> <span class='ocrx_word' id='word_1_66' title='bbox 1032 2026 1291 2110; x_wconf 87' lang='lat' dir='ltr'><strong>dabitur,</strong></span> <span class='ocrx_word' id='word_1_67' title='bbox 1334 2029 1484 2116; x_wconf 87' lang='lat' dir='ltr'><strong>jam,</strong></span> <span class='ocrx_word' id='word_1_68' title='bbox 1528 2029 1649 2116; x_wconf 86' lang='lat' dir='ltr'><strong>jam</strong></span> <span class='ocrx_word' id='word_1_69' title='bbox 1702 2063 1798 2077; x_wconf 90' lang='lat'>—</span> <span class='ocrx_word' id='word_1_70' title='bbox 1850 2026 2034 2093; x_wconf 91' lang='lat' dir='ltr'><strong>donec</strong></span> <span class='ocrx_word' id='word_1_71' title='bbox 2082 2026 2362 2118; x_wconf 86' lang='lat' dir='ltr'><strong>deceptus</strong></span> <span class='ocrx_word' id='word_1_72' title='bbox 2412 2044 2473 2096; x_wconf 88' lang='lat' dir='ltr'><strong>et</strong></span> <span class='ocrx_word' id='word_1_73' title='bbox 2518 2054 2726 2124; x_wconf 82' lang='lat' dir='ltr'><strong>exspes</strong></span> 
     </span>
    </p>
   </div>
   <div class='ocr_carea' id='block_1_5' title="bbox 842 2246 2369 2456">
    <p class='ocr_par' dir='ltr' id='par_1_7' title="bbox 842 2246 2369 2456">
     <span class='ocr_line' id='line_1_12' title="bbox 843 2246 2369 2339; baseline 0.003 -28"><span class='ocrx_word' id='word_1_74' title='bbox 843 2246 1239 2339; x_wconf 87' lang='lat' dir='ltr'><strong>Nequicquam</strong></span> <span class='ocrx_word' id='word_1_75' title='bbox 1290 2248 1467 2315; x_wconf 84' lang='lat' dir='ltr'><strong>fundo</strong></span> <span class='ocrx_word' id='word_1_76' title='bbox 1513 2252 1766 2338; x_wconf 89' lang='lat' dir='ltr'><strong>suspiret</strong></span> <span class='ocrx_word' id='word_1_77' title='bbox 1814 2269 2086 2314; x_wconf 79' lang='lat' dir='ltr'><strong>nummus</strong></span> <span class='ocrx_word' id='word_1_78' title='bbox 2135 2251 2193 2314; x_wconf 86' lang='lat' dir='ltr'><strong>in</strong></span> <span class='ocrx_word' id='word_1_79' title='bbox 2238 2253 2369 2316; x_wconf 88' lang='lat' dir='ltr'><strong>imo.</strong></span> 
     </span>
     <span class='ocr_line' id='line_1_13' title="bbox 842 2363 2232 2456; baseline 0.002 -27"><span class='ocrx_word' id='word_1_80' title='bbox 842 2363 901 2429; x_wconf 92' lang='lat' dir='ltr'><strong>Si</strong></span> <span class='ocrx_word' id='word_1_81' title='bbox 950 2365 1050 2434; x_wconf 91' lang='lat' dir='ltr'><strong>tibi</strong></span> <span class='ocrx_word' id='word_1_82' title='bbox 1103 2380 1355 2433; x_wconf 81' lang='lat' dir='ltr'><strong>crateras</strong></span> <span class='ocrx_word' id='word_1_83' title='bbox 1401 2370 1625 2456; x_wconf 78' lang='lat' dir='ltr'><strong>argenti</strong></span> <span class='ocrx_word' id='word_1_84' title='bbox 1677 2369 1988 2455; x_wconf 83' lang='lat' dir='ltr'><strong>incusaque</strong></span> <span class='ocrx_word' id='word_1_85' title='bbox 2038 2368 2232 2455; x_wconf 83' lang='lat' dir='ltr'><strong>pingui</strong></span> 
     </span>
    </p>
   </div>
   <div class='ocr_carea' id='block_1_6' title="bbox 772 2603 2288 2932">
    <p class='ocr_par' dir='ltr' id='par_1_8' title="bbox 772 2603 2288 2932">
     <span class='ocr_line' id='line_1_14' title="bbox 842 2603 2283 2694; baseline 0.001 -24"><span class='ocrx_word' id='word_1_86' title='bbox 842 2606 999 2672; x_wconf 87' lang='lat' dir='ltr'><strong>Auro</strong></span> <span class='ocrx_word' id='word_1_87' title='bbox 1049 2607 1211 2679; x_wconf 70' lang='lat' dir='ltr'><strong>dona,</strong></span> <span class='ocrx_word' id='word_1_88' title='bbox 1249 2606 1462 2688; x_wconf 87' lang='lat' dir='ltr'><strong>feram,</strong></span> <span class='ocrx_word' id='word_1_89' title='bbox 1510 2604 1688 2672; x_wconf 90' lang='lat' dir='ltr'><strong>sudes</strong></span> <span class='ocrx_word' id='word_1_90' title='bbox 1740 2618 1799 2672; x_wconf 88' lang='lat' dir='ltr'><strong>et</strong></span> <span class='ocrx_word' id='word_1_91' title='bbox 1851 2615 2081 2694; x_wconf 81' lang='lat' dir='ltr'><strong>pectore</strong></span> <span class='ocrx_word' id='word_1_92' title='bbox 2132 2603 2283 2672; x_wconf 84' lang='lat' dir='ltr'><strong>laevo</strong></span> 
     </span>
     <span class='ocr_line' id='line_1_15' title="bbox 844 2723 2252 2816; baseline 0.001 -28"><span class='ocrx_word' id='word_1_93' title='bbox 844 2724 1118 2793; x_wconf 83' lang='lat' dir='ltr'><strong>Excutias</strong></span> <span class='ocrx_word' id='word_1_94' title='bbox 1166 2739 1392 2816; x_wconf 81' lang='lat' dir='ltr'><strong>guttae,</strong></span> <span class='ocrx_word' id='word_1_95' title='bbox 1445 2724 1627 2792; x_wconf 84' lang='lat' dir='ltr'><strong>laetari</strong></span> <span class='ocrx_word' id='word_1_96' title='bbox 1680 2723 2088 2813; x_wconf 79' lang='lat' dir='ltr'><strong>praetrepidum</strong></span> <span class='ocrx_word' id='word_1_97' title='bbox 2140 2745 2252 2790; x_wconf 90' lang='lat' dir='ltr'><strong>cor.</strong></span> 
     </span>
     <span class='ocr_line' id='line_1_16' title="bbox 772 2841 2288 2932; baseline 0.002 -25"><span class='ocrx_word' id='word_1_98' title='bbox 772 2865 818 2900; x_wconf 67' lang='grc' dir='ltr'><strong>σε</strong></span> <span class='ocrx_word' id='word_1_99' title='bbox 847 2843 995 2907; x_wconf 89' lang='lat' dir='ltr'><strong>Hinc</strong></span> <span class='ocrx_word' id='word_1_100' title='bbox 1047 2843 1185 2911; x_wconf 85' lang='lat' dir='ltr'><strong>illud</strong></span> <span class='ocrx_word' id='word_1_101' title='bbox 1226 2843 1434 2925; x_wconf 83' lang='lat' dir='ltr'><strong>subiit,</strong></span> <span class='ocrx_word' id='word_1_102' title='bbox 1481 2865 1623 2910; x_wconf 90' lang='lat' dir='ltr'><strong>auro</strong></span> <span class='ocrx_word' id='word_1_103' title='bbox 1668 2863 1864 2910; x_wconf 86' lang='lat' dir='ltr'><strong>sacras</strong></span> <span class='ocrx_word' id='word_1_104' title='bbox 1911 2841 2065 2932; x_wconf 91' lang='lat' dir='ltr'><strong>quod</strong></span> <span class='ocrx_word' id='word_1_105' title='bbox 2115 2855 2288 2910; x_wconf 85' lang='lat' dir='ltr'><strong>ovato</strong></span> 
     </span>
    </p>
   </div>
   <div class='ocr_carea' id='block_1_7' title="bbox 785 3080 2516 3760">
    <p class='ocr_par' dir='ltr' id='par_1_9' title="bbox 844 3080 2393 3525">
     <span class='ocr_line' id='line_1_17' title="bbox 850 3080 2295 3166; baseline 0.003 -21"><span class='ocrx_word' id='word_1_106' title='bbox 850 3082 1125 3149; x_wconf 87' lang='lat' dir='ltr'><strong>Perducis</strong></span> <span class='ocrx_word' id='word_1_107' title='bbox 1168 3082 1369 3149; x_wconf 84' lang='lat' dir='ltr'><strong>facies:</strong></span> <span class='ocrx_word' id='word_1_108' title='bbox 1423 3103 1558 3147; x_wconf 91' lang='lat' dir='ltr'><strong>nam</strong></span> <span class='ocrx_word' id='word_1_109' title='bbox 1611 3081 1816 3148; x_wconf 75' lang='lat' dir='ltr'><strong>fratres</strong></span> <span class='ocrx_word' id='word_1_110' title='bbox 1864 3082 2012 3149; x_wconf 80' lang='lat' dir='ltr'><strong>inter</strong></span> <span class='ocrx_word' id='word_1_111' title='bbox 2052 3080 2295 3166; x_wconf 79' lang='lat' dir='ltr'><strong>ahenos,</strong></span> 
     </span>
     <span class='ocr_line' id='line_1_18' title="bbox 844 3200 2256 3290; baseline 0.001 -25"><span class='ocrx_word' id='word_1_112' title='bbox 844 3200 1076 3267; x_wconf 91' lang='lat' dir='ltr'><strong>Somnia</strong></span> <span class='ocrx_word' id='word_1_113' title='bbox 1124 3203 1329 3290; x_wconf 86' lang='lat' dir='ltr'><strong>pituita</strong></span> <span class='ocrx_word' id='word_1_114' title='bbox 1385 3201 1487 3290; x_wconf 90' lang='lat' dir='ltr'><strong>qui</strong></span> <span class='ocrx_word' id='word_1_115' title='bbox 1538 3200 1939 3287; x_wconf 81' lang='lat' dir='ltr'><strong>purgatissima</strong></span> <span class='ocrx_word' id='word_1_116' title='bbox 1991 3200 2256 3285; x_wconf 77' lang='lat' dir='ltr'><strong>mittunt,</strong></span> 
     </span>
     <span class='ocr_line' id='line_1_19' title="bbox 844 3315 2243 3408; baseline 0.002 -27"><span class='ocrx_word' id='word_1_117' title='bbox 844 3319 1127 3408; x_wconf 82' lang='lat' dir='ltr'><strong>Praecipui</strong></span> <span class='ocrx_word' id='word_1_118' title='bbox 1178 3332 1378 3400; x_wconf 83' lang='lat' dir='ltr'><strong>eunte,</strong></span> <span class='ocrx_word' id='word_1_119' title='bbox 1425 3320 1617 3406; x_wconf 84' lang='lat' dir='ltr'><strong>sitque</strong></span> <span class='ocrx_word' id='word_1_120' title='bbox 1668 3316 1775 3382; x_wconf 88' lang='lat' dir='ltr'><strong>illis</strong></span> <span class='ocrx_word' id='word_1_121' title='bbox 1826 3339 1998 3383; x_wconf 87' lang='lat' dir='ltr'><strong>aurea</strong></span> <span class='ocrx_word' id='word_1_122' title='bbox 2052 3315 2243 3385; x_wconf 86' lang='lat' dir='ltr'><strong>barba.</strong></span> 
     </span>
     <span class='ocr_line' id='line_1_20' title="bbox 845 3435 2393 3525; baseline 0.002 -23"><span class='ocrx_word' id='word_1_123' title='bbox 845 3440 1064 3503; x_wconf 88' lang='lat' dir='ltr'><strong>Aurum</strong></span> <span class='ocrx_word' id='word_1_124' title='bbox 1118 3458 1254 3502; x_wconf 89' lang='lat' dir='ltr'><strong>vasa</strong></span> <span class='ocrx_word' id='word_1_125' title='bbox 1309 3438 1517 3501; x_wconf 85' lang='lat' dir='ltr'><strong>Numae</strong></span> <span class='ocrx_word' id='word_1_126' title='bbox 1568 3435 1952 3525; x_wconf 87' lang='lat' dir='ltr'><strong>Saturniaque</strong></span> <span class='ocrx_word' id='word_1_127' title='bbox 2004 3435 2227 3525; x_wconf 83' lang='lat' dir='ltr'><strong>impulit</strong></span> <span class='ocrx_word' id='word_1_128' title='bbox 2277 3460 2393 3504; x_wconf 84' lang='lat' dir='ltr'><strong>aera</strong></span> 
     </span>
    </p>

    <p class='ocr_par' dir='ltr' id='par_1_10' title="bbox 785 3553 2516 3760">
     <span class='ocr_line' id='line_1_21' title="bbox 785 3553 2342 3645; baseline 0.004 -31"><span class='ocrx_word' id='word_1_129' title='bbox 785 3582 832 3615; x_wconf 65' lang='grc' dir='ltr'><strong>σο</strong></span> <span class='ocrx_word' id='word_1_130' title='bbox 862 3554 1232 3645; x_wconf 89' lang='lat' dir='ltr'><strong>Vestalesque</strong></span> <span class='ocrx_word' id='word_1_131' title='bbox 1281 3576 1454 3621; x_wconf 88' lang='lat' dir='ltr'><strong>urnas</strong></span> <span class='ocrx_word' id='word_1_132' title='bbox 1505 3567 1565 3620; x_wconf 92' lang='lat' dir='ltr'><strong>et</strong></span> <span class='ocrx_word' id='word_1_133' title='bbox 1611 3556 1862 3620; x_wconf 87' lang='lat' dir='ltr'><strong>Tuscum</strong></span> <span class='ocrx_word' id='word_1_134' title='bbox 1914 3553 2092 3621; x_wconf 84' lang='lat' dir='ltr'><strong>fictile</strong></span> <span class='ocrx_word' id='word_1_135' title='bbox 2140 3571 2342 3622; x_wconf 87' lang='lat' dir='ltr'><strong>mutat.</strong></span> 
     </span>
     <span class='ocr_line' id='line_1_22' title="bbox 844 3672 2516 3760; baseline 0.001 -20"><span class='ocrx_word' id='word_1_136' title='bbox 844 3673 901 3740; x_wconf 93' lang='lat' dir='ltr'>O</span> <span class='ocrx_word' id='word_1_137' title='bbox 946 3695 1144 3739; x_wconf 84' lang='lat' dir='ltr'><strong>curvae</strong></span> <span class='ocrx_word' id='word_1_138' title='bbox 1197 3676 1253 3740; x_wconf 90' lang='lat' dir='ltr'><strong>in</strong></span> <span class='ocrx_word' id='word_1_139' title='bbox 1311 3688 1494 3739; x_wconf 87' lang='lat' dir='ltr'><strong>terras</strong></span> <span class='ocrx_word' id='word_1_140' title='bbox 1544 3674 1755 3739; x_wconf 72' lang='lat' dir='ltr'><strong>animae</strong></span> <span class='ocrx_word' id='word_1_141' title='bbox 1803 3686 1864 3738; x_wconf 89' lang='lat' dir='ltr'><strong>et</strong></span> <span class='ocrx_word' id='word_1_142' title='bbox 1912 3672 2229 3740; x_wconf 86' lang='lat' dir='ltr'><strong>caelestium</strong></span> <span class='ocrx_word' id='word_1_143' title='bbox 2287 3678 2516 3760; x_wconf 84' lang='lat' dir='ltr'><strong>inanes,·</strong></span> 
     </span>
    </p>
   </div>
   <div class='ocr_carea' id='block_1_8' title="bbox 847 3893 2532 3985">
    <p class='ocr_par' dir='ltr' id='par_1_11' title="bbox 847 3893 2532 3985">
     <span class='ocr_line' id='line_1_23' title="bbox 847 3893 2532 3985; baseline 0.002 -24"><span class='ocrx_word' id='word_1_144' title='bbox 847 3893 1001 3973; x_wconf 84' lang='lat' dir='ltr'><strong>Quid</strong></span> <span class='ocrx_word' id='word_1_145' title='bbox 1045 3898 1213 3983; x_wconf 88' lang='lat' dir='ltr'><strong>juvat</strong></span> <span class='ocrx_word' id='word_1_146' title='bbox 1263 3895 1370 3962; x_wconf 89' lang='lat' dir='ltr'><strong>hos</strong></span> <span class='ocrx_word' id='word_1_147' title='bbox 1421 3893 1651 3985; x_wconf 88' lang='lat' dir='ltr'><strong>templis</strong></span> <span class='ocrx_word' id='word_1_148' title='bbox 1701 3906 1924 3961; x_wconf 83' lang='lat' dir='ltr'><strong>nostros</strong></span> <span class='ocrx_word' id='word_1_149' title='bbox 1963 3897 2532 3966; x_wconf 80' lang='lat' dir='ltr'><strong>immittere-mores-</strong></span> 
     </span>
    </p>
   </div>
   <div class='ocr_carea' id='block_1_9' title="bbox 850 4131 2427 4341">
    <p class='ocr_par' dir='ltr' id='par_1_12' title="bbox 850 4131 2427 4341">
     <span class='ocr_line' id='line_1_24' title="bbox 850 4131 2427 4225; baseline -0.001 -25"><span class='ocrx_word' id='word_1_150' title='bbox 850 4135 925 4200; x_wconf 92' lang='lat' dir='ltr'><strong>Et</strong></span> <span class='ocrx_word' id='word_1_151' title='bbox 980 4133 1123 4200; x_wconf 87' lang='lat' dir='ltr'><strong>bona</strong></span> <span class='ocrx_word' id='word_1_152' title='bbox 1187 4132 1275 4200; x_wconf 90' lang='lat' dir='ltr'><strong>dis</strong></span> <span class='ocrx_word' id='word_1_153' title='bbox 1323 4155 1398 4200; x_wconf 84' lang='lat' dir='ltr'><strong>ex</strong></span> <span class='ocrx_word' id='word_1_154' title='bbox 1449 4134 1558 4200; x_wconf 87' lang='lat' dir='ltr'><strong>hac</strong></span> <span class='ocrx_word' id='word_1_155' title='bbox 1601 4131 1875 4200; x_wconf 87' lang='lat' dir='ltr'><strong>scelerata</strong></span> <span class='ocrx_word' id='word_1_156' title='bbox 1938 4133 2152 4202; x_wconf 89' lang='lat' dir='ltr'><strong>ducere</strong></span> <span class='ocrx_word' id='word_1_157' title='bbox 2201 4135 2427 4225; x_wconf 77' lang='lat' dir='ltr'><strong>pulpa?</strong></span> 
     </span>
     <span class='ocr_line' id='line_1_25' title="bbox 852 4249 2306 4341; baseline 0.001 -23"><span class='ocrx_word' id='word_1_158' title='bbox 852 4252 993 4318; x_wconf 84' lang='lat' dir='ltr'><strong>Haee</strong></span> <span class='ocrx_word' id='word_1_159' title='bbox 1043 4252 1150 4321; x_wconf 86' lang='lat' dir='ltr'><strong>sibi</strong></span> <span class='ocrx_word' id='word_1_160' title='bbox 1193 4265 1489 4341; x_wconf 81' lang='lat' dir='ltr'><strong>corrrupto</strong></span> <span class='ocrx_word' id='word_1_161' title='bbox 1543 4254 1758 4321; x_wconf 86' lang='lat' dir='ltr'><strong>casiam</strong></span> <span class='ocrx_word' id='word_1_162' title='bbox 1796 4249 2077 4319; x_wconf 67' lang='lat' dir='ltr'><strong>dissolvit</strong></span> <span class='ocrx_word' id='word_1_163' title='bbox 2129 4252 2306 4335; x_wconf 87' lang='lat' dir='ltr'><strong>olivo;</strong></span> 
     </span>
    </p>
   </div>
  </div>
 </body>
</html>
