<?xml version="1.0" encoding="UTF-8"?>
<!DOCTYPE html PUBLIC "-//W3C//DTD XHTML 1.0 Transitional//EN"
    "http://www.w3.org/TR/xhtml1/DTD/xhtml1-transitional.dtd">
<html xmlns="http://www.w3.org/1999/xhtml" xml:lang="en" lang="en">
 <head>
  <title>
</title>
<meta http-equiv="Content-Type" content="text/html;charset=utf-8" />
  <meta name='ocr-system' content='tesseract 3.04.00' />
  <meta name='ocr-capabilities' content='ocr_page ocr_carea ocr_par ocr_line ocrx_word'/>
</head>
<body>
  <div class='ocr_page' id='page_1' title='image "./satirinsuethicu00persgoog_0034.png"; bbox 0 0 3163 5314; ppageno 0'>
   <div class='ocr_carea' id='block_1_1' title="bbox 786 493 870 557">
    <p class='ocr_par' dir='ltr' id='par_1_1' title="bbox 786 493 870 557">
     <span class='ocr_line' id='line_1_1' title="bbox 786 493 870 557; baseline 0 0"><span class='ocrx_word' id='word_1_1' title='bbox 786 493 870 557; x_wconf 70' lang='lat'><strong>24</strong></span> 
     </span>
    </p>
   </div>
   <div class='ocr_carea' id='block_1_2' title="bbox 672 669 2894 3063">
    <p class='ocr_par' dir='ltr' id='par_1_2' title="bbox 678 669 2894 1056">
     <span class='ocr_line' id='line_1_2' title="bbox 678 669 2892 743; baseline 0 -22"><span class='ocrx_word' id='word_1_2' title='bbox 678 671 916 741; x_wconf 72' lang='lat' dir='ltr'><strong>prandia</strong></span> <span class='ocrx_word' id='word_1_3' title='bbox 961 690 1159 743; x_wconf 65' lang='lat' dir='ltr'><strong>regum,</strong></span> <span class='ocrx_word' id='word_1_4' title='bbox 1204 674 1476 734; x_wconf 72' lang='lat' dir='ltr'><strong>scripsisset</strong></span> <span class='ocrx_word' id='word_1_5' title='bbox 1523 675 1689 734; x_wconf 78' lang='lat' dir='ltr'><strong>poeta,</strong></span> <span class='ocrx_word' id='word_1_6' title='bbox 1726 670 1821 718; x_wconf 91' lang='lat' dir='ltr'><strong>nisi</strong></span> <span class='ocrx_word' id='word_1_7' title='bbox 1866 669 2100 720; x_wconf 84' lang='lat' dir='ltr'><strong>voluisset</strong></span> <span class='ocrx_word' id='word_1_8' title='bbox 2135 671 2228 720; x_wconf 87' lang='lat' dir='ltr'><strong>tria</strong></span> <span class='ocrx_word' id='word_1_9' title='bbox 2268 682 2451 733; x_wconf 86' lang='lat' dir='ltr'><strong>genera</strong></span> <span class='ocrx_word' id='word_1_10' title='bbox 2498 671 2658 731; x_wconf 80' lang='lat' dir='ltr'><strong>poesis</strong></span> <span class='ocrx_word' id='word_1_11' title='bbox 2694 672 2892 722; x_wconf 84' lang='lat' dir='ltr'><strong>diversa</strong></span> 
     </span>
     <span class='ocr_line' id='line_1_3' title="bbox 678 753 2894 820; baseline -0.001 -13"><span class='ocrx_word' id='word_1_12' title='bbox 678 759 974 820; x_wconf 84' lang='lat' dir='ltr'><strong>significare.</strong></span> <span class='ocrx_word' id='word_1_13' title='bbox 1036 758 1203 820; x_wconf 88' lang='lat' dir='ltr'><strong>Quod.</strong></span> <span class='ocrx_word' id='word_1_14' title='bbox 1241 758 1348 806; x_wconf 85' lang='lat' dir='ltr'><strong>vult</strong></span> <span class='ocrx_word' id='word_1_15' title='bbox 1383 756 1557 813; x_wconf 84' lang='lat' dir='ltr'><strong>Herm,</strong></span> <span class='ocrx_word' id='word_1_16' title='bbox 1596 754 1821 803; x_wconf 82' lang='lat' dir='ltr'><strong>Persium</strong></span> <span class='ocrx_word' id='word_1_17' title='bbox 1857 753 1954 802; x_wconf 89' lang='lat' dir='ltr'><strong>boc</strong></span> <span class='ocrx_word' id='word_1_18' title='bbox 1986 765 2132 802; x_wconf 83' lang='lat' dir='ltr'><strong>versu</strong></span> <span class='ocrx_word' id='word_1_19' title='bbox 2168 758 2218 802; x_wconf 91' lang='lat' dir='ltr'><strong>et</strong></span> <span class='ocrx_word' id='word_1_20' title='bbox 2250 754 2479 814; x_wconf 80' lang='lat' dir='ltr'><strong>sequenti</strong></span> <span class='ocrx_word' id='word_1_21' title='bbox 2516 755 2674 814; x_wconf 85' lang='lat' dir='ltr'><strong>queri,</strong></span> <span class='ocrx_word' id='word_1_22' title='bbox 2712 762 2894 815; x_wconf 89' lang='lat' dir='ltr'><strong>poetas</strong></span> 
     </span>
     <span class='ocr_line' id='line_1_4' title="bbox 678 836 2893 903; baseline -0.001 -14"><span class='ocrx_word' id='word_1_23' title='bbox 678 843 908 903; x_wconf 81' lang='lat' dir='ltr'>vulgares</span> <span class='ocrx_word' id='word_1_24' title='bbox 952 843 1176 902; x_wconf 86' lang='lat' dir='ltr'><strong>neglecta</strong></span> <span class='ocrx_word' id='word_1_25' title='bbox 1223 838 1619 901; x_wconf 79' lang='lat' dir='ltr'><strong>reprehensionis</strong></span> <span class='ocrx_word' id='word_1_26' title='bbox 1666 837 1957 885; x_wconf 81' lang='lat' dir='ltr'><strong>necessitate</strong></span> <span class='ocrx_word' id='word_1_27' title='bbox 2001 842 2297 896; x_wconf 87' lang='lat' dir='ltr'><strong>argumenta</strong></span> <span class='ocrx_word' id='word_1_28' title='bbox 2347 836 2553 898; x_wconf 79' lang='lat' dir='ltr'><strong>grandia</strong></span> <span class='ocrx_word' id='word_1_29' title='bbox 2601 842 2651 885; x_wconf 89' lang='lat' dir='ltr'><strong>et</strong></span> <span class='ocrx_word' id='word_1_30' title='bbox 2695 849 2723 885; x_wconf 87' lang='lat' dir='ltr'><strong>a</strong></span> <span class='ocrx_word' id='word_1_31' title='bbox 2772 838 2893 888; x_wconf 76' lang='lat' dir='ltr'><strong>vitae</strong></span> 
     </span>
     <span class='ocr_line' id='line_1_5' title="bbox 680 919 2893 987; baseline -0 -15"><span class='ocrx_word' id='word_1_32' title='bbox 680 937 774 972; x_wconf 86' lang='lat' dir='ltr'><strong>usu</strong></span> <span class='ocrx_word' id='word_1_33' title='bbox 825 925 988 974; x_wconf 85' lang='lat' dir='ltr'><strong>aliena</strong></span> <span class='ocrx_word' id='word_1_34' title='bbox 1033 925 1231 987; x_wconf 85' lang='lat' dir='ltr'><strong>eligere,</strong></span> <span class='ocrx_word' id='word_1_35' title='bbox 1280 937 1339 972; x_wconf 92' lang='lat' dir='ltr'><strong>eo</strong></span> <span class='ocrx_word' id='word_1_36' title='bbox 1377 923 1641 976; x_wconf 74' lang='lat' dir='ltr'><strong>refutatur,</strong></span> <span class='ocrx_word' id='word_1_37' title='bbox 1680 919 1819 981; x_wconf 84' lang='lat' dir='ltr'><strong>quod</strong></span> <span class='ocrx_word' id='word_1_38' title='bbox 1855 919 1957 968; x_wconf 80' lang='lat' dir='ltr'><strong>baec</strong></span> <span class='ocrx_word' id='word_1_39' title='bbox 1993 919 2156 968; x_wconf 89' lang='lat' dir='ltr'><strong>dicere</strong></span> <span class='ocrx_word' id='word_1_40' title='bbox 2191 919 2418 969; x_wconf 83' lang='lat' dir='ltr'><strong>laudanti</strong></span> <span class='ocrx_word' id='word_1_41' title='bbox 2456 919 2643 980; x_wconf 89' lang='lat' dir='ltr'><strong>populo</strong></span> <span class='ocrx_word' id='word_1_42' title='bbox 2679 921 2893 971; x_wconf 88' lang='lat' dir='ltr'><strong>minime</strong></span> 
     </span>
     <span class='ocr_line' id='line_1_6' title="bbox 682 1007 933 1056; baseline 0 -2"><span class='ocrx_word' id='word_1_43' title='bbox 682 1007 933 1056; x_wconf 85' lang='lat' dir='ltr'><strong>convenit.</strong></span> 
     </span>
    </p>

    <p class='ocr_par' dir='ltr' id='par_1_3' title="bbox 675 1073 2891 2066">
     <span class='ocr_line' id='line_1_7' title="bbox 788 1073 2891 1152; baseline 0 -15"><span class='ocrx_word' id='word_1_44' title='bbox 788 1079 870 1137; x_wconf 74' lang='lat' dir='ltr'><strong>‘V.</strong></span> <span class='ocrx_word' id='word_1_45' title='bbox 911 1086 974 1137; x_wconf 81' lang='lat'><strong>93</strong></span> <span class='ocrx_word' id='word_1_46' title='bbox 1010 1103 1117 1152; x_wconf 83' lang='lat' dir='ltr'><strong>sqq.</strong></span> <span class='ocrx_word' id='word_1_47' title='bbox 1156 1090 1398 1138; x_wconf 85' lang='lat' dir='ltr'><strong>Venimus</strong></span> <span class='ocrx_word' id='word_1_48' title='bbox 1434 1089 1497 1137; x_wconf 86' lang='lat' dir='ltr'><strong>ad</strong></span> <span class='ocrx_word' id='word_1_49' title='bbox 1533 1088 1699 1135; x_wconf 85' lang='lat' dir='ltr'><strong>locum</strong></span> <span class='ocrx_word' id='word_1_50' title='bbox 1729 1073 2091 1141; x_wconf 80' lang='lat' dir='ltr'><strong>difficillimum,</strong></span> <span class='ocrx_word' id='word_1_51' title='bbox 2124 1097 2321 1133; x_wconf 87' lang='lat' dir='ltr'><strong>crucem</strong></span> <span class='ocrx_word' id='word_1_52' title='bbox 2352 1085 2608 1145; x_wconf 83' lang='lat' dir='ltr'><strong>quandam</strong></span> <span class='ocrx_word' id='word_1_53' title='bbox 2638 1087 2891 1148; x_wconf 87' lang='lat' dir='ltr'><strong>interpre-</strong></span> 
     </span>
     <span class='ocr_line' id='line_1_8' title="bbox 680 1168 2887 1233; baseline -0 -13"><span class='ocrx_word' id='word_1_54' title='bbox 680 1178 805 1221; x_wconf 90' lang='lat' dir='ltr'><strong>tum.</strong></span> <span class='ocrx_word' id='word_1_55' title='bbox 862 1173 1035 1221; x_wconf 83' lang='lat' dir='ltr'><strong>Dicam</strong></span> <span class='ocrx_word' id='word_1_56' title='bbox 1072 1172 1302 1233; x_wconf 78' lang='lat' dir='ltr'><strong>equidem</strong></span> <span class='ocrx_word' id='word_1_57' title='bbox 1338 1171 1477 1233; x_wconf 85' lang='lat' dir='ltr'><strong>quod</strong></span> <span class='ocrx_word' id='word_1_58' title='bbox 1512 1169 1693 1228; x_wconf 87' lang='lat' dir='ltr'><strong>s‘enti0,</strong></span> <span class='ocrx_word' id='word_1_59' title='bbox 1728 1170 1914 1218; x_wconf 86' lang='lat' dir='ltr'><strong>bonam</strong></span> <span class='ocrx_word' id='word_1_60' title='bbox 1948 1170 2189 1218; x_wconf 87' lang='lat' dir='ltr'><strong>lectorum</strong></span> <span class='ocrx_word' id='word_1_61' title='bbox 2219 1169 2416 1216; x_wconf 82' lang='lat' dir='ltr'><strong>veniam</strong></span> <span class='ocrx_word' id='word_1_62' title='bbox 2438 1179 2602 1216; x_wconf 77' lang='lat' dir='ltr'><strong>orans·</strong></span> <span class='ocrx_word' id='word_1_63' title='bbox 2655 1168 2887 1219; x_wconf 88' lang='lat' dir='ltr'><strong>Primum</strong></span> 
     </span>
     <span class='ocr_line' id='line_1_9' title="bbox 681 1245 2881 1317; baseline -0 -16"><span class='ocrx_word' id='word_1_64' title='bbox 681 1251 929 1302; x_wconf 79' lang='lat' dir='ltr'><strong>claudere</strong></span> <span class='ocrx_word' id='word_1_65' title='bbox 963 1271 1172 1302; x_wconf 79' lang='lat' dir='ltr'><strong>versum</strong></span> <span class='ocrx_word' id='word_1_66' title='bbox 1209 1256 1406 1304; x_wconf 79' lang='lat' dir='ltr'><strong>videtur</strong></span> <span class='ocrx_word' id='word_1_67' title='bbox 1441 1253 1721 1315; x_wconf 78' lang='lat' dir='ltr'><strong>significare</strong></span> <span class='ocrx_word' id='word_1_68' title='bbox 1765 1265 1973 1298; x_wconf 80' lang='lat' dir='ltr'><strong>versum</strong></span> <span class='ocrx_word' id='word_1_69' title='bbox 2010 1250 2214 1298; x_wconf 70' lang='lat' dir='ltr'><strong>omnino</strong></span> <span class='ocrx_word' id='word_1_70' title='bbox 2246 1245 2514 1317; x_wconf 74' lang='lat' dir='ltr'><strong>perficere,</strong></span> <span class='ocrx_word' id='word_1_71' title='bbox 2552 1249 2881 1312; x_wconf 73' lang='lat' dir='ltr'><strong>concludere,</strong></span> 
     </span>
     <span class='ocr_line' id='line_1_10' title="bbox 678 1319 2886 1401; baseline -0.002 -13"><span class='ocrx_word' id='word_1_72' title='bbox 678 1340 808 1388; x_wconf 89' lang='lat' dir='ltr'><strong>Tum</strong></span> <span class='ocrx_word' id='word_1_73' title='bbox 846 1319 921 1386; x_wconf 58' lang='lat' dir='ltr'><strong>s&#39;ic</strong></span> <span class='ocrx_word' id='word_1_74' title='bbox 958 1342 1018 1388; x_wconf 80' lang='lat' dir='ltr'><strong>nd</strong></span> <span class='ocrx_word' id='word_1_75' title='bbox 1058 1352 1253 1389; x_wconf 84' lang='lat' dir='ltr'><strong>versum</strong></span> <span class='ocrx_word' id='word_1_76' title='bbox 1302 1339 1507 1398; x_wconf 83' lang='lat' dir='ltr'><strong>praeced.</strong></span> <span class='ocrx_word' id='word_1_77' title='bbox 1579 1333 1689 1383; x_wconf 87' lang='lat' dir='ltr'><strong>Sed</strong></span> <span class='ocrx_word' id='word_1_78' title='bbox 1735 1335 1966 1382; x_wconf 70' lang='lat' dir='ltr'><strong>nutrieris</strong></span> <span class='ocrx_word' id='word_1_79' title='bbox 2013 1332 2166 1381; x_wconf 80' lang='lat' dir='ltr'><strong>decor</strong></span> <span class='ocrx_word' id='word_1_80' title='bbox 2207 1341 2284 1381; x_wconf 79' lang='lat' dir='ltr'><strong>est</strong></span> <span class='ocrx_word' id='word_1_81' title='bbox 2320 1339 2369 1381; x_wconf 79' lang='lat' dir='ltr'><strong>et</strong></span> <span class='ocrx_word' id='word_1_82' title='bbox 2393 1327 2655 1401; x_wconf 78' lang='lat' dir='ltr'><strong>junctura</strong></span> <span class='ocrx_word' id='word_1_83' title='bbox 2693 1333 2886 1384; x_wconf 77' lang='lat' dir='ltr'><strong>addita</strong></span> 
     </span>
     <span class='ocr_line' id='line_1_11' title="bbox 678 1416 2886 1485; baseline 0.001 -16"><span class='ocrx_word' id='word_1_84' title='bbox 678 1420 860 1470; x_wconf 70' lang='lat' dir='ltr'><strong>erudis</strong></span> <span class='ocrx_word' id='word_1_85' title='bbox 896 1423 1212 1474; x_wconf 75' lang='lat' dir='ltr'><strong>referendum</strong></span> <span class='ocrx_word' id='word_1_86' title='bbox 1249 1428 1338 1470; x_wconf 78' lang='lat' dir='ltr'><strong>est.</strong></span> <span class='ocrx_word' id='word_1_87' title='bbox 1412 1419 1543 1469; x_wconf 86' lang='lat' dir='ltr'><strong>Tum</strong></span> <span class='ocrx_word' id='word_1_88' title='bbox 1590 1421 1675 1470; x_wconf 85' lang='lat' dir='ltr'><strong>illa</strong></span> <span class='ocrx_word' id='word_1_89' title='bbox 1723 1417 1850 1467; x_wconf 83' lang='lat' dir='ltr'><strong>Ber.</strong></span> <span class='ocrx_word' id='word_1_90' title='bbox 1897 1418 2045 1467; x_wconf 75' lang='lat' dir='ltr'><strong>Attis</strong></span> <span class='ocrx_word' id='word_1_91' title='bbox 2094 1417 2164 1466; x_wconf 79' lang='lat' dir='ltr'><strong>Et</strong></span> <span class='ocrx_word' id='word_1_92' title='bbox 2202 1416 2295 1485; x_wconf 79' lang='lat' dir='ltr'><strong>qui</strong></span> <span class='ocrx_word' id='word_1_93' title='bbox 2327 1416 2648 1467; x_wconf 81' lang='lat' dir='ltr'><strong>coeruleum.</strong></span> <span class='ocrx_word' id='word_1_94' title='bbox 2671 1457 2683 1469; x_wconf 87' lang='lat'><strong>.</strong></span> <span class='ocrx_word' id='word_1_95' title='bbox 2706 1453 2754 1468; x_wconf 88' lang='lat'><strong>..</strong></span> <span class='ocrx_word' id='word_1_96' title='bbox 2794 1433 2886 1481; x_wconf 80' lang='lat' dir='ltr'><strong>pro</strong></span> 
     </span>
     <span class='ocr_line' id='line_1_12' title="bbox 677 1501 2888 1567; baseline 0 -12"><span class='ocrx_word' id='word_1_97' title='bbox 677 1507 881 1555; x_wconf 89' lang='lat' dir='ltr'><strong>nomine</strong></span> <span class='ocrx_word' id='word_1_98' title='bbox 927 1513 1104 1567; x_wconf 63' lang='lat' dir='ltr'><strong>poetas,</strong></span> <span class='ocrx_word' id='word_1_99' title='bbox 1149 1506 1237 1566; x_wconf 84' lang='lat' dir='ltr'><strong>qui</strong></span> <span class='ocrx_word' id='word_1_100' title='bbox 1284 1507 1387 1555; x_wconf 80' lang='lat' dir='ltr'><strong>baec</strong></span> <span class='ocrx_word' id='word_1_101' title='bbox 1438 1504 1650 1564; x_wconf 79' lang='lat' dir='ltr'><strong>scripsit,</strong></span> <span class='ocrx_word' id='word_1_102' title='bbox 1696 1506 1874 1564; x_wconf 82' lang='lat' dir='ltr'><strong>posita,</strong></span> <span class='ocrx_word' id='word_1_103' title='bbox 1916 1505 2230 1565; x_wconf 75' lang='lat' dir='ltr'><strong>subiectique</strong></span> <span class='ocrx_word' id='word_1_104' title='bbox 2276 1504 2386 1552; x_wconf 88' lang='lat' dir='ltr'><strong>loco</strong></span> <span class='ocrx_word' id='word_1_105' title='bbox 2434 1505 2496 1553; x_wconf 90' lang='lat' dir='ltr'><strong>ad</strong></span> <span class='ocrx_word' id='word_1_106' title='bbox 2533 1501 2724 1550; x_wconf 70' lang='lat' dir='ltr'><strong>didicit</strong></span> <span class='ocrx_word' id='word_1_107' title='bbox 2747 1506 2888 1555; x_wconf 82' lang='lat' dir='ltr'><strong>-rel&#39;e-</strong></span> 
     </span>
     <span class='ocr_line' id='line_1_13' title="bbox 678 1584 2885 1654; baseline -0.002 -15"><span class='ocrx_word' id='word_1_108' title='bbox 678 1591 834 1639; x_wconf 86' lang='lat' dir='ltr'><strong>renda</strong></span> <span class='ocrx_word' id='word_1_109' title='bbox 870 1589 1117 1646; x_wconf 88' lang='lat' dir='ltr'><strong>videntur,</strong></span> <span class='ocrx_word' id='word_1_110' title='bbox 1155 1590 1327 1650; x_wconf 85' lang='lat' dir='ltr'><strong>itaque</strong></span> <span class='ocrx_word' id='word_1_111' title='bbox 1363 1588 1512 1637; x_wconf 89' lang='lat' dir='ltr'><strong>etiam</strong></span> <span class='ocrx_word' id='word_1_112' title='bbox 1544 1592 1742 1633; x_wconf 78' lang='lat' dir='ltr'><strong>costam</strong></span> <span class='ocrx_word' id='word_1_113' title='bbox 1772 1585 1925 1654; x_wconf 66' lang='lat' dir='ltr'><strong>longo</strong></span> <span class='ocrx_word' id='word_1_114' title='bbox 1952 1594 2046 1637; x_wconf 90' lang='lat' dir='ltr'><strong>etc.</strong></span> <span class='ocrx_word' id='word_1_115' title='bbox 2108 1588 2165 1636; x_wconf 90' lang='lat' dir='ltr'><strong>ln</strong></span> <span class='ocrx_word' id='word_1_116' title='bbox 2198 1599 2342 1635; x_wconf 88' lang='lat' dir='ltr'><strong>versu</strong></span> <span class='ocrx_word' id='word_1_117' title='bbox 2373 1584 2444 1634; x_wconf 76' lang='lat' dir='ltr'><strong>Et</strong></span> <span class='ocrx_word' id='word_1_118' title='bbox 2475 1586 2569 1654; x_wconf 77' lang='lat' dir='ltr'><strong>qui</strong></span> <span class='ocrx_word' id='word_1_119' title='bbox 2593 1585 2885 1636; x_wconf 70' lang='lat' dir='ltr'><strong>coeruleum</strong></span> 
     </span>
     <span class='ocr_line' id='line_1_14' title="bbox 677 1671 2885 1733; baseline 0 -12"><span class='ocrx_word' id='word_1_120' title='bbox 677 1685 708 1721; x_wconf 90' lang='lat' dir='ltr'><strong>a</strong></span> <span class='ocrx_word' id='word_1_121' title='bbox 752 1672 924 1721; x_wconf 88' lang='lat' dir='ltr'><strong>Persio</strong></span> <span class='ocrx_word' id='word_1_122' title='bbox 971 1671 1348 1731; x_wconf 78' lang='lat' dir='ltr'><strong>reprehenditur</strong></span> <span class='ocrx_word' id='word_1_123' title='bbox 1387 1671 1628 1727; x_wconf 87' lang='lat' dir='ltr'><strong>studium,</strong></span> <span class='ocrx_word' id='word_1_124' title='bbox 1667 1672 1802 1731; x_wconf 83' lang='lat' dir='ltr'><strong>quod</strong></span> <span class='ocrx_word' id='word_1_125' title='bbox 1839 1671 2068 1719; x_wconf 86' lang='lat' dir='ltr'><strong>adhibuit</strong></span> <span class='ocrx_word' id='word_1_126' title='bbox 2104 1673 2269 1731; x_wconf 79' lang='lat' dir='ltr'><strong>poeta,</strong></span> <span class='ocrx_word' id='word_1_127' title='bbox 2307 1676 2380 1728; x_wconf 90' lang='lat' dir='ltr'><strong>ut,</strong></span> <span class='ocrx_word' id='word_1_128' title='bbox 2416 1672 2641 1731; x_wconf 85' lang='lat' dir='ltr'><strong>subjecto</strong></span> <span class='ocrx_word' id='word_1_129' title='bbox 2678 1673 2885 1733; x_wconf 85' lang='lat' dir='ltr'><strong>delphin</strong></span> 
     </span>
     <span class='ocr_line' id='line_1_15' title="bbox 675 1753 2887 1814; baseline 0.001 -12"><span class='ocrx_word' id='word_1_130' title='bbox 675 1755 730 1802; x_wconf 90' lang='lat' dir='ltr'><strong>in</strong></span> <span class='ocrx_word' id='word_1_131' title='bbox 776 1760 1053 1803; x_wconf 83' lang='lat' dir='ltr'><strong>extremum</strong></span> <span class='ocrx_word' id='word_1_132' title='bbox 1103 1765 1297 1803; x_wconf 84' lang='lat' dir='ltr'><strong>versum</strong></span> <span class='ocrx_word' id='word_1_133' title='bbox 1346 1758 1459 1814; x_wconf 87' lang='lat' dir='ltr'><strong>post</strong></span> <span class='ocrx_word' id='word_1_134' title='bbox 1501 1753 1903 1801; x_wconf 87' lang='lat' dir='ltr'><strong>enuntiationem</strong></span> <span class='ocrx_word' id='word_1_135' title='bbox 1947 1754 2205 1802; x_wconf 82' lang='lat' dir='ltr'><strong>relativam</strong></span> <span class='ocrx_word' id='word_1_136' title='bbox 2261 1760 2475 1812; x_wconf 86' lang='lat' dir='ltr'><strong>remoto,</strong></span> <span class='ocrx_word' id='word_1_137' title='bbox 2520 1767 2789 1804; x_wconf 87' lang='lat' dir='ltr'><strong>numerose</strong></span> <span class='ocrx_word' id='word_1_138' title='bbox 2833 1763 2887 1804; x_wconf 84' lang='lat' dir='ltr'><strong>et</strong></span> 
     </span>
     <span class='ocr_line' id='line_1_16' title="bbox 676 1822 2886 1898; baseline 0 -11"><span class='ocrx_word' id='word_1_139' title='bbox 676 1837 1020 1897; x_wconf 89' lang='lat' dir='ltr'><strong>apte·caderet</strong></span> <span class='ocrx_word' id='word_1_140' title='bbox 1048 1822 1232 1894; x_wconf 60' lang='lat' dir='ltr'><strong>ver&#39;sus,</strong></span> <span class='ocrx_word' id='word_1_141' title='bbox 1255 1849 1356 1885; x_wconf 88' lang='lat' dir='ltr'><strong>non</strong></span> <span class='ocrx_word' id='word_1_142' title='bbox 1386 1834 1686 1896; x_wconf 86' lang='lat' dir='ltr'><strong>perspiciens</strong></span> <span class='ocrx_word' id='word_1_143' title='bbox 1715 1836 1896 1884; x_wconf 88' lang='lat' dir='ltr'><strong>durum</strong></span> <span class='ocrx_word' id='word_1_144' title='bbox 1927 1837 2079 1886; x_wconf 86' lang='lat' dir='ltr'><strong>illum·</strong></span> <span class='ocrx_word' id='word_1_145' title='bbox 2096 1837 2234 1885; x_wconf 85' lang='lat' dir='ltr'><strong>reddi</strong></span> <span class='ocrx_word' id='word_1_146' title='bbox 2265 1836 2426 1897; x_wconf 85' lang='lat' dir='ltr'><strong>figura</strong></span> <span class='ocrx_word' id='word_1_147' title='bbox 2456 1837 2540 1886; x_wconf 89' lang='lat' dir='ltr'><strong>illa</strong></span> <span class='ocrx_word' id='word_1_148' title='bbox 2569 1838 2886 1898; x_wconf 86' lang='lat' dir='ltr'><strong>repudianda</strong></span> 
     </span>
     <span class='ocr_line' id='line_1_17' title="bbox 675 1916 2884 1978; baseline 0.001 -10"><span class='ocrx_word' id='word_1_149' title='bbox 675 1917 958 1968; x_wconf 72' lang='lat' dir='ltr'><strong>dirimebat</strong></span> <span class='ocrx_word' id='word_1_150' title='bbox 993 1916 1186 1968; x_wconf 83' lang='lat' dir='ltr'><strong>Nerea.</strong></span> <span class='ocrx_word' id='word_1_151' title='bbox 1256 1920 1315 1968; x_wconf 88' lang='lat' dir='ltr'><strong>ln</strong></span> <span class='ocrx_word' id='word_1_152' title='bbox 1353 1931 1495 1967; x_wconf 88' lang='lat' dir='ltr'><strong>versu</strong></span> <span class='ocrx_word' id='word_1_153' title='bbox 1534 1923 1732 1964; x_wconf 81' lang='lat' dir='ltr'><strong>costam</strong></span> <span class='ocrx_word' id='word_1_154' title='bbox 1767 1924 1860 1966; x_wconf 89' lang='lat' dir='ltr'><strong>etc.</strong></span> <span class='ocrx_word' id='word_1_155' title='bbox 1909 1920 2289 1978; x_wconf 88' lang='lat' dir='ltr'><strong>reprehenditur</strong></span> <span class='ocrx_word' id='word_1_156' title='bbox 2321 1932 2473 1969; x_wconf 91' lang='lat' dir='ltr'><strong>sonus</strong></span> <span class='ocrx_word' id='word_1_157' title='bbox 2508 1919 2591 1969; x_wconf 90' lang='lat' dir='ltr'><strong>ille</strong></span> <span class='ocrx_word' id='word_1_158' title='bbox 2626 1920 2884 1970; x_wconf 83' lang='lat' dir='ltr'><strong>Leoninus</strong></span> 
     </span>
     <span class='ocr_line' id='line_1_18' title="bbox 680 2002 2181 2066; baseline -0.003 -12"><span class='ocrx_word' id='word_1_159' title='bbox 680 2011 731 2055; x_wconf 85' lang='lat' dir='ltr'><strong>et</strong></span> <span class='ocrx_word' id='word_1_160' title='bbox 764 2004 1029 2066; x_wconf 86' lang='lat' dir='ltr'><strong>Spondeus</strong></span> <span class='ocrx_word' id='word_1_161' title='bbox 1062 2004 1114 2052; x_wconf 92' lang='lat' dir='ltr'><strong>in</strong></span> <span class='ocrx_word' id='word_1_162' title='bbox 1151 2004 1332 2066; x_wconf 89' lang='lat' dir='ltr'><strong>quinto</strong></span> <span class='ocrx_word' id='word_1_163' title='bbox 1368 2003 1508 2063; x_wconf 89' lang='lat' dir='ltr'><strong>pede,</strong></span> <span class='ocrx_word' id='word_1_164' title='bbox 1545 2013 1699 2063; x_wconf 85' lang='lat' dir='ltr'><strong>quem</strong></span> <span class='ocrx_word' id='word_1_165' title='bbox 1735 2006 1935 2058; x_wconf 84' lang='lat' dir='ltr'><strong>vocant,</strong></span> <span class='ocrx_word' id='word_1_166' title='bbox 1972 2002 2181 2062; x_wconf 85' lang='lat' dir='ltr'><strong>positus.</strong></span> 
     </span>
    </p>

    <p class='ocr_par' dir='ltr' id='par_1_4' title="bbox 681 2083 2885 2230">
     <span class='ocr_line' id='line_1_19' title="bbox 808 2083 2885 2147; baseline 0 -10"><span class='ocrx_word' id='word_1_167' title='bbox 808 2088 871 2137; x_wconf 85' lang='lat' dir='ltr'><strong>V.</strong></span> <span class='ocrx_word' id='word_1_168' title='bbox 909 2085 1159 2137; x_wconf 79' lang='lat'><strong>99—102.</strong></span> <span class='ocrx_word' id='word_1_169' title='bbox 1217 2086 1353 2147; x_wconf 87' lang='lat' dir='ltr'><strong>Quid</strong></span> <span class='ocrx_word' id='word_1_170' title='bbox 1389 2086 1440 2134; x_wconf 92' lang='lat' dir='ltr'><strong>in</strong></span> <span class='ocrx_word' id='word_1_171' title='bbox 1477 2086 1551 2134; x_wconf 85' lang='lat' dir='ltr'><strong>his</strong></span> <span class='ocrx_word' id='word_1_172' title='bbox 1580 2083 1895 2145; x_wconf 86' lang='lat' dir='ltr'><strong>potissimum</strong></span> <span class='ocrx_word' id='word_1_173' title='bbox 1924 2085 2296 2145; x_wconf 89' lang='lat' dir='ltr'><strong>reprehenderit</strong></span> <span class='ocrx_word' id='word_1_174' title='bbox 2321 2087 2537 2147; x_wconf 67' lang='lat' dir='ltr'><strong>Persius»,</strong></span> <span class='ocrx_word' id='word_1_175' title='bbox 2569 2101 2627 2138; x_wconf 85' lang='lat' dir='ltr'><strong>ex</strong></span> <span class='ocrx_word' id='word_1_176' title='bbox 2658 2090 2885 2140; x_wconf 84' lang='lat' dir='ltr'><strong>versibus</strong></span> 
     </span>
     <span class='ocr_line' id='line_1_20' title="bbox 681 2170 1406 2230; baseline -0.006 -9"><span class='ocrx_word' id='word_1_177' title='bbox 681 2170 928 2221; x_wconf 90' lang='lat' dir='ltr'><strong>Suetbicis</strong></span> <span class='ocrx_word' id='word_1_178' title='bbox 966 2173 1109 2221; x_wconf 84' lang='lat' dir='ltr'><strong>facile</strong></span> <span class='ocrx_word' id='word_1_179' title='bbox 1145 2171 1406 2230; x_wconf 83' lang='lat' dir='ltr'><strong>intelligas.</strong></span> 
     </span>
    </p>

    <p class='ocr_par' dir='ltr' id='par_1_5' title="bbox 672 2249 2884 3063">
     <span class='ocr_line' id='line_1_21' title="bbox 808 2249 2880 2320; baseline 0.001 -18"><span class='ocrx_word' id='word_1_180' title='bbox 808 2253 871 2302; x_wconf 85' lang='lat' dir='ltr'><strong>V.</strong></span> <span class='ocrx_word' id='word_1_181' title='bbox 915 2252 1027 2302; x_wconf 78' lang='lat'><strong>121.</strong></span> <span class='ocrx_word' id='word_1_182' title='bbox 1083 2249 1376 2301; x_wconf 76' lang='lat' dir='ltr'><strong>Auriculas</strong></span> <span class='ocrx_word' id='word_1_183' title='bbox 1413 2250 1558 2299; x_wconf 68' lang='lat' dir='ltr'><strong>asini</strong></span> <span class='ocrx_word' id='word_1_184' title='bbox 1592 2249 1744 2299; x_wconf 73' lang='lat' dir='ltr'><strong>Mida</strong></span> <span class='ocrx_word' id='word_1_185' title='bbox 1782 2269 1878 2301; x_wconf 80' lang='lat' dir='ltr'><strong>rex</strong></span> <span class='ocrx_word' id='word_1_186' title='bbox 1911 2250 2083 2302; x_wconf 74' lang='lat' dir='ltr'><strong>habet.</strong></span> <span class='ocrx_word' id='word_1_187' title='bbox 2154 2252 2301 2302; x_wconf 82' lang='lat' dir='ltr'><strong>Hanc</strong></span> <span class='ocrx_word' id='word_1_188' title='bbox 2337 2252 2623 2320; x_wconf 79' lang='lat' dir='ltr'><strong>lectionem,</strong></span> <span class='ocrx_word' id='word_1_189' title='bbox 2658 2267 2812 2316; x_wconf 78' lang='lat' dir='ltr'><strong>quam</strong></span> <span class='ocrx_word' id='word_1_190' title='bbox 2849 2269 2880 2305; x_wconf 77' lang='lat' dir='ltr'><strong>a</strong></span> 
     </span>
     <span class='ocr_line' id='line_1_22' title="bbox 675 2335 2884 2404; baseline 0.001 -18"><span class='ocrx_word' id='word_1_191' title='bbox 675 2337 898 2388; x_wconf 89' lang='lat' dir='ltr'><strong>Cornuto</strong></span> <span class='ocrx_word' id='word_1_192' title='bbox 935 2340 1002 2389; x_wconf 91' lang='lat' dir='ltr'><strong>ob</strong></span> <span class='ocrx_word' id='word_1_193' title='bbox 1051 2345 1240 2400; x_wconf 83' lang='lat' dir='ltr'><strong>metum</strong></span> <span class='ocrx_word' id='word_1_194' title='bbox 1286 2337 1499 2387; x_wconf 85' lang='lat' dir='ltr'><strong>Neronis</strong></span> <span class='ocrx_word' id='word_1_195' title='bbox 1545 2342 1789 2386; x_wconf 87' lang='lat' dir='ltr'><strong>mutatam</strong></span> <span class='ocrx_word' id='word_1_196' title='bbox 1837 2351 1940 2387; x_wconf 90' lang='lat' dir='ltr'><strong>esse</strong></span> <span class='ocrx_word' id='word_1_197' title='bbox 1985 2340 2036 2387; x_wconf 92' lang='lat' dir='ltr'><strong>in</strong></span> <span class='ocrx_word' id='word_1_198' title='bbox 2084 2352 2203 2384; x_wconf 77' lang='lat' dir='ltr'><strong>aar.</strong></span> <span class='ocrx_word' id='word_1_199' title='bbox 2252 2335 2398 2384; x_wconf 73' lang='lat' dir='ltr'><strong>asini</strong></span> <span class='ocrx_word' id='word_1_200' title='bbox 2431 2336 2548 2404; x_wconf 71' lang='lat' dir='ltr'><strong>quis</strong></span> <span class='ocrx_word' id='word_1_201' title='bbox 2585 2354 2688 2386; x_wconf 70' lang='lat' dir='ltr'><strong>non</strong></span> <span class='ocrx_word' id='word_1_202' title='bbox 2721 2336 2884 2388; x_wconf 74' lang='lat' dir='ltr'><strong>habet</strong></span> 
     </span>
     <span class='ocr_line' id='line_1_23' title="bbox 674 2411 2881 2483; baseline 0.002 -14"><span class='ocrx_word' id='word_1_203' title='bbox 674 2427 851 2470; x_wconf 88' lang='lat' dir='ltr'><strong>auctor</strong></span> <span class='ocrx_word' id='word_1_204' title='bbox 888 2429 960 2472; x_wconf 91' lang='lat' dir='ltr'><strong>est</strong></span> <span class='ocrx_word' id='word_1_205' title='bbox 1005 2423 1215 2483; x_wconf 86' lang='lat' dir='ltr'><strong>scriptor</strong></span> <span class='ocrx_word' id='word_1_206' title='bbox 1251 2421 1349 2476; x_wconf 85' lang='lat' dir='ltr'><strong>ille,</strong></span> <span class='ocrx_word' id='word_1_207' title='bbox 1388 2419 1614 2480; x_wconf 82' lang='lat' dir='ltr'><strong>quisquis</strong></span> <span class='ocrx_word' id='word_1_208' title='bbox 1662 2420 1771 2476; x_wconf 81' lang='lat' dir='ltr'><strong>suit,</strong></span> <span class='ocrx_word' id='word_1_209' title='bbox 1819 2422 1931 2470; x_wconf 83' lang='lat' dir='ltr'><strong>vitae</strong></span> <span class='ocrx_word' id='word_1_210' title='bbox 1978 2421 2148 2478; x_wconf 85' lang='lat' dir='ltr'><strong>Persii,</strong></span> <span class='ocrx_word' id='word_1_211' title='bbox 2198 2422 2365 2470; x_wconf 87' lang='lat' dir='ltr'><strong>sabula</strong></span> <span class='ocrx_word' id='word_1_212' title='bbox 2414 2420 2494 2470; x_wconf 90' lang='lat' dir='ltr'><strong>illa</strong></span> <span class='ocrx_word' id='word_1_213' title='bbox 2533 2411 2790 2473; x_wconf 74' lang='lat' dir='ltr'><strong>notissi&#39;ma</strong></span> <span class='ocrx_word' id='word_1_214' title='bbox 2829 2432 2881 2474; x_wconf 82' lang='lat' dir='ltr'><strong>et</strong></span> 
     </span>
     <span class='ocr_line' id='line_1_24' title="bbox 672 2502 2879 2566; baseline 0.001 -14"><span class='ocrx_word' id='word_1_215' title='bbox 672 2517 827 2553; x_wconf 86' lang='lat' dir='ltr'><strong>nexus</strong></span> <span class='ocrx_word' id='word_1_216' title='bbox 857 2507 960 2566; x_wconf 92' lang='lat' dir='ltr'><strong>ipse</strong></span> <span class='ocrx_word' id='word_1_217' title='bbox 988 2505 1347 2555; x_wconf 87' lang='lat' dir='ltr'><strong>sententiarum</strong></span> <span class='ocrx_word' id='word_1_218' title='bbox 1380 2502 1672 2552; x_wconf 74' lang='lat' dir='ltr'><strong>defendunt.</strong></span> <span class='ocrx_word' id='word_1_219' title='bbox 1710 2503 1910 2553; x_wconf 85' lang='lat' dir='ltr'><strong>Persius</strong></span> <span class='ocrx_word' id='word_1_220' title='bbox 1931 2505 2062 2552; x_wconf 87' lang='lat' dir='ltr'><strong>enim</strong></span> <span class='ocrx_word' id='word_1_221' title='bbox 2095 2505 2253 2553; x_wconf 89' lang='lat' dir='ltr'><strong>verbis</strong></span> <span class='ocrx_word' id='word_1_222' title='bbox 2275 2519 2394 2551; x_wconf 79' lang='lat' dir='ltr'><strong>aur.</strong></span> <span class='ocrx_word' id='word_1_223' title='bbox 2436 2504 2580 2553; x_wconf 74' lang='lat' dir='ltr'><strong>asini</strong></span> <span class='ocrx_word' id='word_1_224' title='bbox 2595 2502 2748 2553; x_wconf 75' lang='lat' dir='ltr'><strong>Mida</strong></span> <span class='ocrx_word' id='word_1_225' title='bbox 2781 2523 2879 2555; x_wconf 79' lang='lat' dir='ltr'><strong>rex</strong></span> 
     </span>
     <span class='ocr_line' id='line_1_25' title="bbox 674 2584 2877 2654; baseline 0.003 -21"><span class='ocrx_word' id='word_1_226' title='bbox 674 2584 845 2644; x_wconf 76' lang='lat' dir='ltr'><strong>habet,</strong></span> <span class='ocrx_word' id='word_1_227' title='bbox 881 2602 983 2638; x_wconf 90' lang='lat' dir='ltr'><strong>non</strong></span> <span class='ocrx_word' id='word_1_228' title='bbox 1019 2590 1271 2639; x_wconf 89' lang='lat' dir='ltr'><strong>Neronem</strong></span> <span class='ocrx_word' id='word_1_229' title='bbox 1306 2588 1391 2636; x_wconf 90' lang='lat' dir='ltr'><strong>sed</strong></span> <span class='ocrx_word' id='word_1_230' title='bbox 1429 2586 1642 2644; x_wconf 87' lang='lat' dir='ltr'><strong>majores</strong></span> <span class='ocrx_word' id='word_1_231' title='bbox 1678 2589 1884 2638; x_wconf 90' lang='lat' dir='ltr'><strong>omnino</strong></span> <span class='ocrx_word' id='word_1_232' title='bbox 1922 2587 2101 2648; x_wconf 86' lang='lat' dir='ltr'><strong>tetigit,</strong></span> <span class='ocrx_word' id='word_1_233' title='bbox 2123 2587 2184 2635; x_wconf 91' lang='lat' dir='ltr'><strong>de</strong></span> <span class='ocrx_word' id='word_1_234' title='bbox 2220 2587 2401 2647; x_wconf 87' lang='lat' dir='ltr'><strong>quibus</strong></span> <span class='ocrx_word' id='word_1_235' title='bbox 2427 2590 2530 2648; x_wconf 74' lang='lat' dir='ltr'><strong>jem</strong></span> <span class='ocrx_word' id='word_1_236' title='bbox 2559 2604 2606 2639; x_wconf 86' lang='lat' dir='ltr'><strong>v.</strong></span> <span class='ocrx_word' id='word_1_237' title='bbox 2638 2589 2731 2639; x_wconf 82' lang='lat'><strong>108</strong></span> <span class='ocrx_word' id='word_1_238' title='bbox 2764 2604 2877 2654; x_wconf 80' lang='lat' dir='ltr'><strong>sqq.</strong></span> 
     </span>
     <span class='ocr_line' id='line_1_26' title="bbox 674 2670 2878 2738; baseline 0.001 -16"><span class='ocrx_word' id='word_1_239' title='bbox 674 2674 982 2722; x_wconf 89' lang='lat' dir='ltr'><strong>mentionem</strong></span> <span class='ocrx_word' id='word_1_240' title='bbox 1021 2674 1152 2731; x_wconf 81' lang='lat' dir='ltr'><strong>l‘ecit,</strong></span> <span class='ocrx_word' id='word_1_241' title='bbox 1191 2683 1418 2733; x_wconf 87' lang='lat' dir='ltr'><strong>quosque</strong></span> <span class='ocrx_word' id='word_1_242' title='bbox 1453 2670 1602 2718; x_wconf 89' lang='lat' dir='ltr'><strong>simili</strong></span> <span class='ocrx_word' id='word_1_243' title='bbox 1638 2671 1722 2719; x_wconf 90' lang='lat' dir='ltr'><strong>illo</strong></span> <span class='ocrx_word' id='word_1_244' title='bbox 1759 2673 1821 2720; x_wconf 89' lang='lat' dir='ltr'><strong>de</strong></span> <span class='ocrx_word' id='word_1_245' title='bbox 1855 2685 1994 2722; x_wconf 85' lang='lat' dir='ltr'><strong>sacro</strong></span> <span class='ocrx_word' id='word_1_246' title='bbox 2033 2673 2143 2721; x_wconf 89' lang='lat' dir='ltr'><strong>loco</strong></span> <span class='ocrx_word' id='word_1_247' title='bbox 2173 2678 2225 2719; x_wconf 87' lang='lat' dir='ltr'><strong>et</strong></span> <span class='ocrx_word' id='word_1_248' title='bbox 2254 2674 2488 2734; x_wconf 86' lang='lat' dir='ltr'><strong>exemplis</strong></span> <span class='ocrx_word' id='word_1_249' title='bbox 2517 2675 2693 2725; x_wconf 85' lang='lat' dir='ltr'><strong>Lucilii</strong></span> <span class='ocrx_word' id='word_1_250' title='bbox 2722 2683 2878 2738; x_wconf 83' lang='lat' dir='ltr'><strong>atque</strong></span> 
     </span>
     <span class='ocr_line' id='line_1_27' title="bbox 675 2752 2877 2820; baseline 0.001 -15"><span class='ocrx_word' id='word_1_251' title='bbox 675 2756 875 2805; x_wconf 84' lang='lat' dir='ltr'><strong>Horatii</strong></span> <span class='ocrx_word' id='word_1_252' title='bbox 922 2755 1221 2817; x_wconf 86' lang='lat' dir='ltr'><strong>perstrinxit.</strong></span> <span class='ocrx_word' id='word_1_253' title='bbox 1290 2752 1439 2812; x_wconf 88' lang='lat' dir='ltr'><strong>Quod</strong></span> <span class='ocrx_word' id='word_1_254' title='bbox 1492 2759 1661 2800; x_wconf 88' lang='lat' dir='ltr'><strong>autem</strong></span> <span class='ocrx_word' id='word_1_255' title='bbox 1712 2753 2032 2802; x_wconf 82' lang='lat' dir='ltr'><strong>Hermannus</strong></span> <span class='ocrx_word' id='word_1_256' title='bbox 2087 2754 2135 2813; x_wconf 90' lang='lat' dir='ltr'><strong>(l.</strong></span> <span class='ocrx_word' id='word_1_257' title='bbox 2184 2754 2216 2802; x_wconf 88' lang='lat' dir='ltr'><strong>l.</strong></span> <span class='ocrx_word' id='word_1_258' title='bbox 2263 2753 2401 2814; x_wconf 90' lang='lat' dir='ltr'><strong>Disp.</strong></span> <span class='ocrx_word' id='word_1_259' title='bbox 2456 2756 2522 2814; x_wconf 87' lang='lat'><strong>11,</strong></span> <span class='ocrx_word' id='word_1_260' title='bbox 2572 2771 2620 2818; x_wconf 91' lang='lat' dir='ltr'><strong>p.</strong></span> <span class='ocrx_word' id='word_1_261' title='bbox 2674 2757 2751 2814; x_wconf 85' lang='lat'><strong>10,</strong></span> <span class='ocrx_word' id='word_1_262' title='bbox 2794 2757 2877 2820; x_wconf 85' lang='lat'><strong>11)</strong></span> 
     </span>
     <span class='ocr_line' id='line_1_28' title="bbox 675 2832 2875 2901; baseline 0.002 -14"><span class='ocrx_word' id='word_1_263' title='bbox 675 2838 811 2896; x_wconf 89' lang='lat' dir='ltr'><strong>dicit,</strong></span> <span class='ocrx_word' id='word_1_264' title='bbox 846 2839 986 2899; x_wconf 85' lang='lat' dir='ltr'><strong>sequi</strong></span> <span class='ocrx_word' id='word_1_265' title='bbox 1024 2837 1117 2887; x_wconf 83' lang='lat' dir='ltr'><strong>n‘os</strong></span> <span class='ocrx_word' id='word_1_266' title='bbox 1154 2832 1401 2895; x_wconf 73' lang='lat' dir='ltr'><strong>opoftere,</strong></span> <span class='ocrx_word' id='word_1_267' title='bbox 1438 2832 1704 2882; x_wconf 89' lang='lat' dir='ltr'><strong>lectionem</strong></span> <span class='ocrx_word' id='word_1_268' title='bbox 1741 2846 1893 2895; x_wconf 88' lang='lat' dir='ltr'><strong>quam</strong></span> <span class='ocrx_word' id='word_1_269' title='bbox 1929 2835 1979 2882; x_wconf 90' lang='lat' dir='ltr'><strong>in</strong></span> <span class='ocrx_word' id='word_1_270' title='bbox 2018 2836 2195 2896; x_wconf 82' lang='lat' dir='ltr'><strong>vulgus</strong></span> <span class='ocrx_word' id='word_1_271' title='bbox 2231 2836 2349 2884; x_wconf 94' lang='lat' dir='ltr'><strong>olim</strong></span> <span class='ocrx_word' id='word_1_272' title='bbox 2387 2839 2627 2897; x_wconf 90' lang='lat' dir='ltr'><strong>prodiisse</strong></span> <span class='ocrx_word' id='word_1_273' title='bbox 2662 2849 2875 2901; x_wconf 85' lang='lat' dir='ltr'><strong>constet,</strong></span> 
     </span>
     <span class='ocr_line' id='line_1_29' title="bbox 675 2916 2876 2983; baseline 0.002 -14"><span class='ocrx_word' id='word_1_274' title='bbox 675 2921 797 2983; x_wconf 89' lang='lat' dir='ltr'><strong>quid</strong></span> <span class='ocrx_word' id='word_1_275' title='bbox 832 2928 923 2978; x_wconf 92' lang='lat' dir='ltr'><strong>est,</strong></span> <span class='ocrx_word' id='word_1_276' title='bbox 960 2933 1049 2968; x_wconf 91' lang='lat' dir='ltr'><strong>cur</strong></span> <span class='ocrx_word' id='word_1_277' title='bbox 1086 2920 1348 2968; x_wconf 91' lang='lat' dir='ltr'><strong>lectionem</strong></span> <span class='ocrx_word' id='word_1_278' title='bbox 1386 2916 1674 2977; x_wconf 81' lang='lat' dir='ltr'><strong>genuinam,</strong></span> <span class='ocrx_word' id='word_1_279' title='bbox 1712 2917 1777 2965; x_wconf 93' lang='lat' dir='ltr'><strong>ob</strong></span> <span class='ocrx_word' id='word_1_280' title='bbox 1814 2924 2003 2967; x_wconf 91' lang='lat' dir='ltr'><strong>metum</strong></span> <span class='ocrx_word' id='word_1_281' title='bbox 2042 2917 2274 2980; x_wconf 89' lang='lat' dir='ltr'><strong>principis</strong></span> <span class='ocrx_word' id='word_1_282' title='bbox 2309 2921 2508 2980; x_wconf 88' lang='lat' dir='ltr'><strong>superbi</strong></span> <span class='ocrx_word' id='word_1_283' title='bbox 2538 2934 2876 2983; x_wconf 86' lang='lat' dir='ltr'><strong>suppressam,</strong></span> 
     </span>
     <span class='ocr_line' id='line_1_30' title="bbox 675 3000 1322 3063; baseline -0.009 -10"><span class='ocrx_word' id='word_1_284' title='bbox 675 3016 810 3053; x_wconf 89' lang='lat' dir='ltr'><strong>nunc</strong></span> <span class='ocrx_word' id='word_1_285' title='bbox 844 3015 948 3051; x_wconf 90' lang='lat' dir='ltr'><strong>non</strong></span> <span class='ocrx_word' id='word_1_286' title='bbox 983 3000 1322 3063; x_wconf 79' lang='lat' dir='ltr'><strong>recipiamus?</strong></span> 
     </span>
    </p>
   </div>
  </div>
 </body>
</html>
