3163 5314
884 437 966 500 60

796 662 867 698 u·
895 637 1201 717 Intumuit,
1253 655 1427 724 quam
1486 655 1597 698 non
1648 635 1987 700 exstinxerit
2037 652 2177 698 urna
2231 634 2455 699 cicutae.

894 877 1016 942 Tun
1074 892 1232 939 mare
1283 868 1595 950 transilias,
1644 864 1747 933 tibi
1796 880 1943 933 torta
1997 866 2259 934 cannabe
2309 867 2453 934 fulto

893 993 1083 1058 Coena
1128 992 1206 1056 sit
1255 989 1309 1053 in
1361 997 1639 1067 transtro,
1692 984 2188 1077 Vejentanumque
2237 984 2527 1052 rubellum

889 1224 1134 1296 Exhalet
1184 1222 1388 1311 vapida
1438 1220 1642 1288 laesum
1691 1224 1817 1310 pice
1868 1220 2085 1287 sessilis
2126 1219 2324 1288 obba?

891 1344 1044 1426 Quid
1094 1340 1284 1432 petis?
1325 1338 1402 1406 Ut
1456 1340 1709 1422 nummi,
1755 1361 1902 1429 quos
1954 1340 2047 1406 hic
2094 1343 2422 1430 quincunce
2473 1340 2750 1409 modesto

792 1610 866 1651 ιω
888 1583 1219 1658 Nutrieras‚
1269 1588 1543 1664 peragant
1591 1573 1792 1640 avidos
1836 1574 2046 1641 sudore
2090 1574 2390 1643 deunces?

892 1696 1169 1784 '’lndulge
1218 1693 1430 1776 Genio,
1479 1714 1786 1781 carpamus
1838 1692 2055 1761 dulcia:
2109 1708 2370 1765 nostrum
2422 1711 2543 1782 oet,

888 1932 1059 2013 Quod
1110 1934 1288 1997 vivis:
1340 1930 1482 1994 cinis
1530 1940 1593 1993 et
1642 1950 1840 1995 manes
1889 1942 1951 1994 et
2000 1928 2191 1998 sabula
2244 1931 2365 2000 fies.

890 2051 1035 2118 Vive
1083 2070 1304 2116 memor
1355 2047 1482 2113 leti:
1528 2045 1674 2136 fugit
1721 2048 1858 2115 hora
1877 2100 1895 2131 ‚
1948 2047 2058 2114 hoc
2105 2050 2262 2140 quod
2315 2051 2544 2143 loquor,
2598 2056 2739 2123 inde
2793 2073 2898 2126 est.

886 2287 976 2353 En
1025 2284 1163 2376 quid
1211 2284 1378 2373 agis?
1459 2280 1683 2372 Duplici
1727 2283 1783 2347 in
1833 2282 2129 2351 diversum
2176 2285 2454 2354 scindetis
2504 2288 2708 2357 hamo:

791 2425 861 2463 us
883 2405 1153 2470 Huncine
1201 2424 1276 2469 an
1324 2403 1480 2470 hunc
1524 2401 1830 2492 sequeris?
1902 2400 2126 2469 Subees
2167 2403 2425 2472 alternus
2471 2421 2702 2497 oportet

886 2524 1133 2613 Ancipiti
1181 2519 1455 2612 obsequio
1498 2519 1788 2601 dominos,
1842 2519 2098 2587 alternus
2142 2519 2391 2589 oberres.

885 2642 1008 2709 Nec
1064 2652 1160 2724 tu,
1213 2662 1393 2730 quum
1446 2637 1741 2705 obstiteris
1787 2636 1968 2705 semel
2011 2639 2363 2732 instantique
2415 2644 2646 2732 negaris

889 2761 1100 2826 Parere
1152 2758 1415 2845 imperio,
1464 2757 1595 2844 rupi
1636 2757 1756 2844 jam
1804 2756 2032 2824 vincula
2084 2757 2271 2825 dicas:

881 2879 1032 2947 Nam
1078 2887 1142 2943 et
1183 2873 1396 2941 luctata
1447 2875 1605 2939 canis
1652 2873 1867 2940 nodum
1913 2874 2151 2966 abripit;
2187 2889 2280 2943 est
2331 2890 2527 2944 tamen
2577 2879 2690 2964 illi,

785 3020 857 3060 κο
881 2996 1080 3076 Quum
1130 2993 1299 3083 fugit,
1352 3013 1385 3058 a
1438 2990 1584 3058 collo
1633 2993 1878 3060 trahitur
1925 3015 2059 3084 pars
2106 2992 2272 3083 longa
2322 3009 2566 3062 cetenae.

886 3110 1122 3196 ’'Dave,
1169 3115 1316 3194 cito,
1363 3110 1473 3179 hoc
1520 3108 1754 3194 credas,
1798 3109 2002 3200 jubeo,
2045 3110 2210 3178 finire
2256 3112 2481 3180 dolores

886 3349 1211 3415 Proeteritos
1260 3341 1539 3415 meditor”
1601 3382 1697 3399 -
1748 3347 1993 3415 crudum
2040 3346 2464 3414 Chaerestratus
2518 3371 2778 3439 unguem

884 3464 1184 3533 Abrodens
1232 3469 1314 3534 ait
1363 3466 1507 3533 haec.
1610 3459 1737 3531 ”An
1786 3468 1954 3532 siccis
2002 3463 2257 3533 dedecus
2299 3465 2526 3534 obstem

882 3583 1179 3673 Cognatis,
1238 3605 1312 3652 an
1363 3605 1485 3649 rern
1537 3587 1776 3672 patriam
1827 3606 2059 3651 rumore
2107 3587 2339 3651 sinistro

788 3846 857 3884 us
887 3822 1087 3888 Limen
1136 3819 1210 3887 ed
1255 3818 1608 3887 obscoenum
1659 3818 1947 3907 frangam,
1996 3818 2138 3886 dum
2187 3818 2486 3910 Chrysidis
2533 3820 2681 3889 udas

871 4056 1079 4125 Ebrius
1129 4068 1265 4125 ante
1315 4053 1466 4121 fores
1516 4055 1800 4120 exstincta
1852 4075 1988 4120 cum
2047 4054 2173 4121 face
2215 4067 2385 4122 canto
2400 4051 2471 4121 ’δ”

864 4170 1058 4263 ”Euge
1073 4228 1089 4261 ‚
1139 4195 1312 4265 puer,
1361 4173 1552 4261 sapias
1567 4223 1585 4256 ,
1633 4171 1723 4240 dis
1771 4170 2194 4262 depellentibus
2237 4193 2449 4263 agnem
