3163 5314
59 2 129 164 “7th

941 446 1022 511 46

936 647 1108 738 Caepe
1158 662 1217 716 et
1266 652 1535 722 farratam
1591 658 1783 744 pueris
1832 653 2235 745 plaudentibus
2283 657 2453 726 ollam

944 887 1262 953 Pannosam
1315 888 1516 956 faecem
1569 891 1860 956 morientis
1908 890 2103 957 sorbet
2152 888 2347 958 aceti.”

939 1004 1019 1070 At
1066 1007 1115 1071 si
1165 1018 1375 1073 unctus
1422 1029 1615 1074 cesses
1662 1019 1724 1073 et
1769 1005 1912 1097 figas
1968 1015 2025 1075 in
2072 1023 2208 1076 cute
2253 1009 2461 1095 solem,

944 1241 1051 1306 Est
1098 1264 1276 1334 prope
1324 1256 1383 1310 te
1421 1246 1675 1331 ignotus,
1726 1240 1921 1308 cubito
1968 1246 2067 1333 qui
2108 1256 2308 1332 tangat
2354 1259 2415 1313 et
2463 1268 2599 1314 acre

885 1497 933 1535 as
962 1477 1247 1564 Despuat:
1298 1477 1355 1543 hi
1409 1500 1599 1545 mores
1649 1499 1971 1569 penemque
2016 1499 2341 1570 arcanaque
2386 1477 2565 1546 lumbi

954 1595 1312 1661 Runcantem
1367 1596 1574 1685 populo
1626 1608 1951 1663 marcentes
2001 1596 2252 1686 pandere
2290 1596 2525 1664 vulvas!

948 1713 1065 1794 Tu,
1112 1734 1293 1801 quum
1347 1714 1591 1782 maxillis
1640 1713 1970 1781 balanatum
2022 1735 2274 1805 gausape
2323 1727 2548 1804 pectaS,

949 1947 1282 2035 Inguinibus
1328 1971 1508 2038 quare
1557 1950 1832 2017 detonsus
1882 1949 2143 2040 gurgulio
2180 1950 2421 2015 exstat?

951 2063 1220 2156 Quinque
1270 2066 1601 2158 palaestritae
1654 2068 1786 2136 licet
1837 2069 1964 2136 haec
2002 2068 2276 2159 plantaria
2328 2065 2545 2134 vellant

880 2204 930 2240 ⁴⁰
950 2183 1259 2275 Elixasque
1310 2199 1473 2252 natoe
1516 2186 1862 2254 labefactent
1905 2188 2119 2277 forcipe
2166 2185 2425 2269 adunca,

951 2301 1078 2366 Non
1121 2298 1312 2371 t‘amen
1366 2307 1470 2370 ista
1523 2304 1643 2372 filix
1695 2305 1808 2372 ullo
1859 2307 2208 2371 mansuescit
2253 2318 2459 2371 aratro.

952 2417 1243 2487 Caedimus
1298 2425 1470 2513 inque
1516 2427 1707 2489 vicem
1755 2423 2082 2513 praebemus
2132 2444 2298 2490 crura
2346 2423 2600 2510 sagittis:

954 2534 1179 2603 Vivitur
1226 2539 1335 2606 boc
1387 2554 1580 2629 pacto,
1631 2544 1716 2607 sic
1766 2545 2046 2608 novimus.
2147 2540 2245 2608 Ilia
2296 2538 2499 2607 subter

959 2651 1192 2722 Caecum
1239 2657 1441 2725 vulum
1492 2659 1703 2741 habes;
1756 2660 1859 2727 sed
1906 2660 2019 2726 lato
2070 2659 2297 2727 balteus
2328 2681 2472 2725 auro

879 2791 927 2828 ιε
956 2772 1240 2863 Praetegit.
1340 2775 1419 2843 Ut
1462 2780 1649 2843 mavis
1698 2776 1771 2844 da
1821 2777 2001 2845 verba
2044 2791 2106 2844 et
2152 2776 2355 2867 decipe
2405 2797 2644 2858 nervos,
2698 2757 2705 2770 ’

957 3005 1018 3072 Si
1064 3011 1255 3096 potes!
1324 3011 1634 3101 Egregium
1681 3034 1862 3101 quum
1909 3033 2005 3078 me
2056 3013 2263 3079 vicinia
2313 3010 2493 3097 dicat,

959 3244 1086 3309 Non
1138 3244 1416 3312 credam?
1482 3246 1616 3313 Viso
1664 3249 1715 3313 si
1766 3246 1971 3337 palles,
2022 3244 2311 3337 improbe,
2358 3267 2626 3329 nummo,

959 3476 1019 3542 Si
1066 3476 1204 3545 facis
1256 3482 1314 3547 in
1361 3503 1565 3571 penem
1608 3481 1882 3572 quicquid
1933 3481 2038 3549 tibi
2089 3484 2249 3547 venit
2300 3501 2597 3563 amarum,

958 3594 1018 3661 Si
1069 3599 1261 3685 puteal
1310 3600 1491 3666 multa
1537 3615 1745 3666 cautus
1791 3599 1980 3667 vibice
2029 3599 2283 3687 flagellas
2298 3649 2314 3682 ,

889 3855 939 3891 ευ
961 3837 1357 3926 Nequicquam
1411 3834 1617 3924 populo
1670 3833 1895 3902 bibulas
1948 3835 2251 3902 donaveris
2299 3854 2485 3901 aures.

965 3954 1221 4042 Respue,
1270 3954 1423 4042 quod
1476 3976 1586 4020 non
1633 3975 1724 4038 ee,
1773 3952 1932 4019 tollat
1981 3975 2083 4020 sua
2140 3973 2378 4019 munera
2430 3950 2625 4017 cerdo:

967 4072 1177 4137 Tecum
1229 4070 1451 4139 habita:
1505 4074 1685 4157 noris,
1744 4092 1917 4168 quam
1969 4072 2046 4137 sit
2094 4068 2197 4138 tibi
2241 4083 2405 4138 curta
2454 4068 2734 4161 supellex.
