<?xml version="1.0" encoding="UTF-8"?>
<!DOCTYPE html PUBLIC "-//W3C//DTD XHTML 1.0 Transitional//EN"
    "http://www.w3.org/TR/xhtml1/DTD/xhtml1-transitional.dtd">
<html xmlns="http://www.w3.org/1999/xhtml" xml:lang="en" lang="en">
 <head>
  <title>
</title>
<meta http-equiv="Content-Type" content="text/html;charset=utf-8" />
  <meta name='ocr-system' content='tesseract 3.04.00' />
  <meta name='ocr-capabilities' content='ocr_page ocr_carea ocr_par ocr_line ocrx_word'/>
</head>
<body>
  <div class='ocr_page' id='page_1' title='image "./satirinsuethicu00persgoog_0062.png"; bbox 0 0 3163 5314; ppageno 0'>
   <div class='ocr_carea' id='block_1_1' title="bbox 712 717 2716 3410">
    <p class='ocr_par' dir='ltr' id='par_1_1' title="bbox 712 717 2716 3410">
     <span class='ocr_line' id='line_1_1' title="bbox 824 717 2160 810; baseline -0.001 -22"><span class='ocrx_word' id='word_1_1' title='bbox 824 725 1015 810; x_wconf 80' lang='lat' dir='ltr'><strong>Atque</strong></span> <span class='ocrx_word' id='word_1_2' title='bbox 1064 718 1389 788; x_wconf 82' lang='lat' dir='ltr'><strong>verecunda</strong></span> <span class='ocrx_word' id='word_1_3' title='bbox 1440 717 1704 786; x_wconf 82' lang='lat' dir='ltr'><strong>laxamus</strong></span> <span class='ocrx_word' id='word_1_4' title='bbox 1749 721 1893 785; x_wconf 87' lang='lat' dir='ltr'><strong>seria</strong></span> <span class='ocrx_word' id='word_1_5' title='bbox 1947 740 2160 786; x_wconf 86' lang='lat' dir='ltr'><strong>mensa.</strong></span> 
     </span>
     <span class='ocr_line' id='line_1_2' title="bbox 751 835 2544 926; baseline 0.004 -26"><span class='ocrx_word' id='word_1_6' title='bbox 751 864 798 900; x_wconf 63' lang='lat' dir='ltr'><strong>ts</strong></span> <span class='ocrx_word' id='word_1_7' title='bbox 822 841 953 906; x_wconf 88' lang='lat' dir='ltr'><strong>Non</strong></span> <span class='ocrx_word' id='word_1_8' title='bbox 1002 835 1271 926; x_wconf 77' lang='lat' dir='ltr'>equidem</span> <span class='ocrx_word' id='word_1_9' title='bbox 1322 837 1432 903; x_wconf 86' lang='lat' dir='ltr'><strong>hoc</strong></span> <span class='ocrx_word' id='word_1_10' title='bbox 1479 835 1711 905; x_wconf 79' lang='lat' dir='ltr'>dubites</span> <span class='ocrx_word' id='word_1_11' title='bbox 1753 836 2055 904; x_wconf 81' lang='lat' dir='ltr'><strong>amborum</strong></span> <span class='ocrx_word' id='word_1_12' title='bbox 2109 837 2337 905; x_wconf 84' lang='lat' dir='ltr'><strong>foedere</strong></span> <span class='ocrx_word' id='word_1_13' title='bbox 2384 854 2544 907; x_wconf 79' lang='lat' dir='ltr'><strong>certo</strong></span> 
     </span>
     <span class='ocr_line' id='line_1_3' title="bbox 819 951 2478 1054; baseline -0.002 -29"><span class='ocrx_word' id='word_1_14' title='bbox 819 957 1153 1025; x_wconf 73' lang='lat' dir='ltr'><strong>Consentire</strong></span> <span class='ocrx_word' id='word_1_15' title='bbox 1191 953 1316 1020; x_wconf 84' lang='lat' dir='ltr'><strong>dies</strong></span> <span class='ocrx_word' id='word_1_16' title='bbox 1363 966 1427 1021; x_wconf 83' lang='lat' dir='ltr'><strong>et</strong></span> <span class='ocrx_word' id='word_1_17' title='bbox 1470 951 1547 1020; x_wconf 89' lang='lat' dir='ltr'><strong>ab</strong></span> <span class='ocrx_word' id='word_1_18' title='bbox 1599 977 1713 1022; x_wconf 85' lang='lat' dir='ltr'><strong>uno</strong></span> <span class='ocrx_word' id='word_1_19' title='bbox 1757 955 1947 1023; x_wconf 88' lang='lat' dir='ltr'><strong>sidere</strong></span> <span class='ocrx_word' id='word_1_20' title='bbox 1995 956 2157 1022; x_wconf 88' lang='lat' dir='ltr'><strong>duci:</strong></span> <span class='ocrx_word' id='word_1_21' title='bbox 2475 1047 2478 1054; x_wconf 24' lang='grc'>1</span> 
     </span>
     <span class='ocr_line' id='line_1_4' title="bbox 815 1072 2377 1172; baseline -0.002 -29"><span class='ocrx_word' id='word_1_22' title='bbox 815 1077 1021 1144; x_wconf 83' lang='lat' dir='ltr'><strong>Nostra</strong></span> <span class='ocrx_word' id='word_1_23' title='bbox 1069 1072 1161 1142; x_wconf 87' lang='lat' dir='ltr'><strong>vel</strong></span> <span class='ocrx_word' id='word_1_24' title='bbox 1211 1072 1419 1161; x_wconf 65' lang='lat' dir='ltr'><strong>aequali</strong></span> <span class='ocrx_word' id='word_1_25' title='bbox 1470 1072 1772 1161; x_wconf 81' lang='lat' dir='ltr'><strong>suspendit</strong></span> <span class='ocrx_word' id='word_1_26' title='bbox 1813 1086 2070 1163; x_wconf 88' lang='lat' dir='ltr'><strong>tempora</strong></span> <span class='ocrx_word' id='word_1_27' title='bbox 2125 1073 2293 1140; x_wconf 88' lang='lat' dir='ltr'><strong>Libra</strong></span> <span class='ocrx_word' id='word_1_28' title='bbox 2366 1154 2377 1172; x_wconf 40' lang='grc'>,</span> 
     </span>
     <span class='ocr_line' id='line_1_5' title="bbox 824 1191 2244 1275; baseline -0.001 -16"><span class='ocrx_word' id='word_1_29' title='bbox 824 1197 1001 1264; x_wconf 77' lang='lat' dir='ltr'><strong>Perea</strong></span> <span class='ocrx_word' id='word_1_30' title='bbox 1055 1205 1228 1259; x_wconf 80' lang='lat' dir='ltr'><strong>tenax</strong></span> <span class='ocrx_word' id='word_1_31' title='bbox 1272 1193 1422 1275; x_wconf 87' lang='lat' dir='ltr'><strong>veri,</strong></span> <span class='ocrx_word' id='word_1_32' title='bbox 1470 1213 1576 1257; x_wconf 91' lang='lat' dir='ltr'><strong>seu</strong></span> <span class='ocrx_word' id='word_1_33' title='bbox 1627 1205 1754 1257; x_wconf 90' lang='lat' dir='ltr'><strong>nata</strong></span> <span class='ocrx_word' id='word_1_34' title='bbox 1796 1191 2058 1259; x_wconf 88' lang='lat' dir='ltr'><strong>fidelibus</strong></span> <span class='ocrx_word' id='word_1_35' title='bbox 2108 1193 2244 1259; x_wconf 87' lang='lat' dir='ltr'><strong>hora</strong></span> 
     </span>
     <span class='ocr_line' id='line_1_6' title="bbox 818 1308 2301 1393; baseline -0.002 -14"><span class='ocrx_word' id='word_1_36' title='bbox 818 1311 1039 1380; x_wconf 79' lang='lat' dir='ltr'><strong>Dividit</strong></span> <span class='ocrx_word' id='word_1_37' title='bbox 1092 1312 1151 1378; x_wconf 89' lang='lat' dir='ltr'><strong>in</strong></span> <span class='ocrx_word' id='word_1_38' title='bbox 1197 1308 1472 1376; x_wconf 86' lang='lat' dir='ltr'><strong>Geminos</strong></span> <span class='ocrx_word' id='word_1_39' title='bbox 1518 1309 1816 1380; x_wconf 80' lang='lat' dir='ltr'><strong>concordia</strong></span> <span class='ocrx_word' id='word_1_40' title='bbox 1863 1310 1981 1376; x_wconf 81' lang='lat' dir='ltr'><strong>fata</strong></span> <span class='ocrx_word' id='word_1_41' title='bbox 2027 1310 2301 1393; x_wconf 88' lang='lat' dir='ltr'><strong>duorum,</strong></span> 
     </span>
     <span class='ocr_line' id='line_1_7' title="bbox 740 1428 2496 1517; baseline 0.001 -25"><span class='ocrx_word' id='word_1_42' title='bbox 740 1454 792 1492; x_wconf 77' lang='lat' dir='ltr'><strong>so</strong></span> <span class='ocrx_word' id='word_1_43' title='bbox 818 1431 1249 1517; x_wconf 75' lang='lat' dir='ltr'><strong>Saturnumque</strong></span> <span class='ocrx_word' id='word_1_44' title='bbox 1296 1449 1536 1516; x_wconf 75' lang='lat' dir='ltr'><strong>gravem</strong></span> <span class='ocrx_word' id='word_1_45' title='bbox 1578 1441 1770 1498; x_wconf 87' lang='lat' dir='ltr'><strong>nostro</strong></span> <span class='ocrx_word' id='word_1_46' title='bbox 1817 1430 1962 1495; x_wconf 85' lang='lat' dir='ltr'><strong>Jove</strong></span> <span class='ocrx_word' id='word_1_47' title='bbox 1996 1428 2310 1516; x_wconf 74' lang='lat' dir='ltr'><strong>frangimus</strong></span> <span class='ocrx_word' id='word_1_48' title='bbox 2355 1450 2496 1495; x_wconf 87' lang='lat' dir='ltr'><strong>una:</strong></span> 
     </span>
     <span class='ocr_line' id='line_1_8' title="bbox 812 1545 2716 1637; baseline -0.003 -21"><span class='ocrx_word' id='word_1_49' title='bbox 812 1549 1021 1622; x_wconf 81' lang='lat' dir='ltr'><strong>Nescio</strong></span> <span class='ocrx_word' id='word_1_50' title='bbox 1065 1545 1248 1636; x_wconf 81' lang='lat' dir='ltr'><strong>quod,</strong></span> <span class='ocrx_word' id='word_1_51' title='bbox 1290 1558 1448 1612; x_wconf 84' lang='lat' dir='ltr'><strong>certe</strong></span> <span class='ocrx_word' id='word_1_52' title='bbox 1503 1558 1624 1631; x_wconf 83' lang='lat' dir='ltr'><strong>est,</strong></span> <span class='ocrx_word' id='word_1_53' title='bbox 1660 1545 1814 1636; x_wconf 89' lang='lat' dir='ltr'><strong>quod</strong></span> <span class='ocrx_word' id='word_1_54' title='bbox 1861 1568 1956 1613; x_wconf 85' lang='lat' dir='ltr'><strong>me</strong></span> <span class='ocrx_word' id='word_1_55' title='bbox 1994 1546 2096 1613; x_wconf 87' lang='lat' dir='ltr'><strong>tibi</strong></span> <span class='ocrx_word' id='word_1_56' title='bbox 2145 1559 2431 1637; x_wconf 74' lang='lat' dir='ltr'><strong>temperat</strong></span> <span class='ocrx_word' id='word_1_57' title='bbox 2473 1559 2716 1613; x_wconf 83' lang='lat' dir='ltr'><strong>astrum.</strong></span> 
     </span>
     <span class='ocr_line' id='line_1_9' title="bbox 712 1663 2447 1754; baseline -0.005 -13"><span class='ocrx_word' id='word_1_58' title='bbox 712 1675 719 1689; x_wconf 83' lang='lat'><strong><em>¹</em></strong></span> <span class='ocrx_word' id='word_1_59' title='bbox 814 1665 968 1740; x_wconf 75' lang='lat' dir='ltr'><strong>Mille</strong></span> <span class='ocrx_word' id='word_1_60' title='bbox 1015 1663 1307 1735; x_wconf 65' lang='lat' dir='ltr'><strong>immitium</strong></span> <span class='ocrx_word' id='word_1_61' title='bbox 1356 1667 1581 1754; x_wconf 85' lang='lat' dir='ltr'><strong>species</strong></span> <span class='ocrx_word' id='word_1_62' title='bbox 1634 1678 1694 1731; x_wconf 89' lang='lat' dir='ltr'><strong>et</strong></span> <span class='ocrx_word' id='word_1_63' title='bbox 1744 1686 1935 1736; x_wconf 76' lang='lat' dir='ltr'><strong>rerum</strong></span> <span class='ocrx_word' id='word_1_64' title='bbox 1988 1664 2231 1736; x_wconf 78' lang='lat' dir='ltr'>discolor</span> <span class='ocrx_word' id='word_1_65' title='bbox 2275 1686 2447 1744; x_wconf 86' lang='lat' dir='ltr'><strong>usus;</strong></span> 
     </span>
     <span class='ocr_line' id='line_1_10' title="bbox 818 1782 2370 1872; baseline -0.001 -21"><span class='ocrx_word' id='word_1_66' title='bbox 818 1782 980 1856; x_wconf 86' lang='lat' dir='ltr'><strong>Velle</strong></span> <span class='ocrx_word' id='word_1_67' title='bbox 1024 1804 1198 1852; x_wconf 89' lang='lat' dir='ltr'><strong>suum</strong></span> <span class='ocrx_word' id='word_1_68' title='bbox 1244 1786 1454 1872; x_wconf 50' lang='lat' dir='ltr'><strong>cuque</strong></span> <span class='ocrx_word' id='word_1_69' title='bbox 1496 1796 1590 1849; x_wconf 83' lang='lat' dir='ltr'><strong>est</strong></span> <span class='ocrx_word' id='word_1_70' title='bbox 1635 1804 1745 1850; x_wconf 83' lang='lat' dir='ltr'><strong>nec</strong></span> <span class='ocrx_word' id='word_1_71' title='bbox 1794 1798 1932 1850; x_wconf 83' lang='lat' dir='ltr'><strong>voto</strong></span> <span class='ocrx_word' id='word_1_72' title='bbox 1977 1787 2196 1851; x_wconf 76' lang='lat' dir='ltr'><strong>vivitur</strong></span> <span class='ocrx_word' id='word_1_73' title='bbox 2239 1803 2370 1850; x_wconf 85' lang='lat' dir='ltr'><strong>uno.</strong></span> 
     </span>
     <span class='ocr_line' id='line_1_11' title="bbox 817 1900 2280 1974; baseline -0.005 0"><span class='ocrx_word' id='word_1_74' title='bbox 817 1900 1103 1974; x_wconf 61' lang='lat' dir='ltr'><strong>uersibus</strong></span> <span class='ocrx_word' id='word_1_75' title='bbox 1158 1900 1251 1966; x_wconf 87' lang='lat' dir='ltr'><strong>hic</strong></span> <span class='ocrx_word' id='word_1_76' title='bbox 1301 1900 1457 1967; x_wconf 87' lang='lat' dir='ltr'><strong>Italis</strong></span> <span class='ocrx_word' id='word_1_77' title='bbox 1506 1913 1694 1967; x_wconf 84' lang='lat' dir='ltr'><strong>mutat</strong></span> <span class='ocrx_word' id='word_1_78' title='bbox 1741 1900 1854 1967; x_wconf 92' lang='lat' dir='ltr'><strong>sub</strong></span> <span class='ocrx_word' id='word_1_79' title='bbox 1896 1901 2016 1968; x_wconf 90' lang='lat' dir='ltr'><strong>sole</strong></span> <span class='ocrx_word' id='word_1_80' title='bbox 2064 1904 2280 1967; x_wconf 87' lang='lat' dir='ltr'><strong>recenti</strong></span> 
     </span>
     <span class='ocr_line' id='line_1_12' title="bbox 741 2018 2254 2110; baseline 0.001 -28"><span class='ocrx_word' id='word_1_81' title='bbox 741 2047 788 2083; x_wconf 61' lang='grc' dir='ltr'><strong>οε</strong></span> <span class='ocrx_word' id='word_1_82' title='bbox 817 2023 1111 2107; x_wconf 76' lang='lat' dir='ltr'><strong>Rugosum</strong></span> <span class='ocrx_word' id='word_1_83' title='bbox 1164 2021 1326 2110; x_wconf 78' lang='lat' dir='ltr'><strong>piper</strong></span> <span class='ocrx_word' id='word_1_84' title='bbox 1376 2031 1435 2085; x_wconf 86' lang='lat' dir='ltr'><strong>et</strong></span> <span class='ocrx_word' id='word_1_85' title='bbox 1478 2018 1741 2108; x_wconf 84' lang='lat' dir='ltr'><strong>pallentis</strong></span> <span class='ocrx_word' id='word_1_86' title='bbox 1790 2041 1964 2108; x_wconf 82' lang='lat' dir='ltr'><strong>grana</strong></span> <span class='ocrx_word' id='word_1_87' title='bbox 2012 2022 2254 2100; x_wconf 81' lang='lat' dir='ltr'><strong>cumini3</strong></span> 
     </span>
     <span class='ocr_line' id='line_1_13' title="bbox 810 2138 2322 2227; baseline -0.002 -21"><span class='ocrx_word' id='word_1_88' title='bbox 810 2141 919 2206; x_wconf 87' lang='lat' dir='ltr'><strong>Hic</strong></span> <span class='ocrx_word' id='word_1_89' title='bbox 965 2150 1131 2210; x_wconf 80' lang='lat' dir='ltr'><strong>satur</strong></span> <span class='ocrx_word' id='word_1_90' title='bbox 1176 2139 1387 2225; x_wconf 84' lang='lat' dir='ltr'><strong>irriguo</strong></span> <span class='ocrx_word' id='word_1_91' title='bbox 1436 2138 1662 2204; x_wconf 84' lang='lat' dir='ltr'><strong>mavult</strong></span> <span class='ocrx_word' id='word_1_92' title='bbox 1714 2151 2042 2227; x_wconf 75' lang='lat' dir='ltr'>turgescere</span> <span class='ocrx_word' id='word_1_93' title='bbox 2092 2159 2322 2219; x_wconf 84' lang='lat' dir='ltr'><strong>somno;</strong></span> 
     </span>
     <span class='ocr_line' id='line_1_14' title="bbox 807 2254 2358 2345; baseline -0.003 -19"><span class='ocrx_word' id='word_1_94' title='bbox 807 2261 919 2332; x_wconf 83' lang='lat' dir='ltr'><strong>Hie</strong></span> <span class='ocrx_word' id='word_1_95' title='bbox 967 2277 1171 2345; x_wconf 78' lang='lat' dir='ltr'><strong>campo</strong></span> <span class='ocrx_word' id='word_1_96' title='bbox 1211 2254 1493 2343; x_wconf 80' lang='lat' dir='ltr'><strong>indulget3</strong></span> <span class='ocrx_word' id='word_1_97' title='bbox 1542 2255 1698 2322; x_wconf 85' lang='lat' dir='ltr'><strong>hunc</strong></span> <span class='ocrx_word' id='word_1_98' title='bbox 1747 2256 1871 2323; x_wconf 81' lang='lat' dir='ltr'><strong>alea</strong></span> <span class='ocrx_word' id='word_1_99' title='bbox 1922 2257 2217 2344; x_wconf 82' lang='lat' dir='ltr'><strong>decoquit3</strong></span> <span class='ocrx_word' id='word_1_100' title='bbox 2264 2254 2358 2321; x_wconf 85' lang='lat' dir='ltr'><strong>ille</strong></span> 
     </span>
     <span class='ocr_line' id='line_1_15' title="bbox 810 2373 2452 2463; baseline -0.002 -22"><span class='ocrx_word' id='word_1_101' title='bbox 810 2381 877 2454; x_wconf 85' lang='lat' dir='ltr'><strong>In</strong></span> <span class='ocrx_word' id='word_1_102' title='bbox 931 2396 1202 2446; x_wconf 89' lang='lat' dir='ltr'><strong>venerem</strong></span> <span class='ocrx_word' id='word_1_103' title='bbox 1253 2376 1461 2462; x_wconf 89' lang='lat' dir='ltr'><strong>putris:</strong></span> <span class='ocrx_word' id='word_1_104' title='bbox 1511 2373 1613 2439; x_wconf 88' lang='lat' dir='ltr'><strong>sed</strong></span> <span class='ocrx_word' id='word_1_105' title='bbox 1665 2395 1845 2463; x_wconf 90' lang='lat' dir='ltr'><strong>quum</strong></span> <span class='ocrx_word' id='word_1_106' title='bbox 1895 2373 2143 2463; x_wconf 77' lang='lat' dir='ltr'><strong>lapidosa</strong></span> <span class='ocrx_word' id='word_1_107' title='bbox 2194 2374 2452 2461; x_wconf 80' lang='lat' dir='ltr'><strong>chiragra</strong></span> 
     </span>
     <span class='ocr_line' id='line_1_16' title="bbox 808 2491 2145 2584; baseline -0.004 -22"><span class='ocrx_word' id='word_1_108' title='bbox 808 2496 1065 2584; x_wconf 80' lang='lat' dir='ltr'><strong>Fregerit</strong></span> <span class='ocrx_word' id='word_1_109' title='bbox 1116 2492 1414 2575; x_wconf 77' lang='lat' dir='ltr'><strong>articulos,</strong></span> <span class='ocrx_word' id='word_1_110' title='bbox 1468 2495 1679 2558; x_wconf 82' lang='lat' dir='ltr'><strong>veteris</strong></span> <span class='ocrx_word' id='word_1_111' title='bbox 1722 2491 1953 2558; x_wconf 85' lang='lat' dir='ltr'><strong>ramalia</strong></span> <span class='ocrx_word' id='word_1_112' title='bbox 2005 2492 2145 2582; x_wconf 75' lang='lat' dir='ltr'><strong>fagi,</strong></span> 
     </span>
     <span class='ocr_line' id='line_1_17' title="bbox 740 2610 2454 2701; baseline -0.002 -24"><span class='ocrx_word' id='word_1_113' title='bbox 740 2643 788 2677; x_wconf 70' lang='lat' dir='ltr'><strong>uo</strong></span> <span class='ocrx_word' id='word_1_114' title='bbox 819 2617 980 2682; x_wconf 87' lang='lat' dir='ltr'><strong>Tunc</strong></span> <span class='ocrx_word' id='word_1_115' title='bbox 1025 2631 1251 2681; x_wconf 79' lang='lat' dir='ltr'><strong>crassos</strong></span> <span class='ocrx_word' id='word_1_116' title='bbox 1294 2614 1566 2678; x_wconf 78' lang='lat' dir='ltr'><strong>transisse</strong></span> <span class='ocrx_word' id='word_1_117' title='bbox 1610 2610 1732 2677; x_wconf 81' lang='lat' dir='ltr'><strong>dies</strong></span> <span class='ocrx_word' id='word_1_118' title='bbox 1786 2610 2091 2701; x_wconf 87' lang='lat' dir='ltr'><strong>lucemque</strong></span> <span class='ocrx_word' id='word_1_119' title='bbox 2141 2610 2454 2701; x_wconf 82' lang='lat' dir='ltr'><strong>palustrem</strong></span> 
     </span>
     <span class='ocr_line' id='line_1_18' title="bbox 807 2729 2294 2818; baseline -0.007 -15"><span class='ocrx_word' id='word_1_120' title='bbox 807 2735 883 2803; x_wconf 81' lang='lat' dir='ltr'><strong>Et</strong></span> <span class='ocrx_word' id='word_1_121' title='bbox 927 2729 1037 2799; x_wconf 89' lang='lat' dir='ltr'><strong>sihi</strong></span> <span class='ocrx_word' id='word_1_122' title='bbox 1075 2731 1193 2818; x_wconf 84' lang='lat' dir='ltr'><strong>jam</strong></span> <span class='ocrx_word' id='word_1_123' title='bbox 1243 2731 1356 2797; x_wconf 82' lang='lat' dir='ltr'><strong>seri</strong></span> <span class='ocrx_word' id='word_1_124' title='bbox 1409 2731 1588 2794; x_wconf 80' lang='lat' dir='ltr'><strong>vitam</strong></span> <span class='ocrx_word' id='word_1_125' title='bbox 1641 2732 1974 2817; x_wconf 81' lang='lat' dir='ltr'><strong>ingemuere</strong></span> <span class='ocrx_word' id='word_1_126' title='bbox 2019 2729 2294 2795; x_wconf 84' lang='lat' dir='ltr'><strong>relictam.</strong></span> 
     </span>
     <span class='ocr_line' id='line_1_19' title="bbox 806 2823 2279 2935; baseline -0.003 -17"><span class='ocrx_word' id='word_1_127' title='bbox 806 2853 885 2918; x_wconf 81' lang='lat' dir='ltr'><strong>At</strong></span> <span class='ocrx_word' id='word_1_128' title='bbox 938 2862 995 2914; x_wconf 81' lang='lat' dir='ltr'><strong>te</strong></span> <span class='ocrx_word' id='word_1_129' title='bbox 1047 2848 1338 2917; x_wconf 74' lang='lat' dir='ltr'><strong>nocturnis</strong></span> <span class='ocrx_word' id='word_1_130' title='bbox 1376 2848 1544 2933; x_wconf 83' lang='lat' dir='ltr'><strong>juvat</strong></span> <span class='ocrx_word' id='word_1_131' title='bbox 1594 2823 1988 2935; x_wconf 82' lang='lat' dir='ltr'><strong>impallescere</strong></span> <span class='ocrx_word' id='word_1_132' title='bbox 2037 2848 2279 2927; x_wconf 83' lang='lat' dir='ltr'><strong>chartis;</strong></span> 
     </span>
     <span class='ocr_line' id='line_1_20' title="bbox 798 2965 2311 3053; baseline -0.004 -17"><span class='ocrx_word' id='word_1_133' title='bbox 798 2967 997 3037; x_wconf 83' lang='lat' dir='ltr'><strong>Cultor</strong></span> <span class='ocrx_word' id='word_1_134' title='bbox 1037 2965 1190 3035; x_wconf 87' lang='lat' dir='ltr'><strong>enim</strong></span> <span class='ocrx_word' id='word_1_135' title='bbox 1234 2965 1517 3052; x_wconf 83' lang='lat' dir='ltr'><strong>juvenum</strong></span> <span class='ocrx_word' id='word_1_136' title='bbox 1568 2978 1841 3053; x_wconf 61' lang='lat' dir='ltr'><strong>{nugatus</strong></span> <span class='ocrx_word' id='word_1_137' title='bbox 1891 2968 2092 3033; x_wconf 86' lang='lat' dir='ltr'><strong>inseris</strong></span> <span class='ocrx_word' id='word_1_138' title='bbox 2138 2985 2311 3031; x_wconf 81' lang='lat' dir='ltr'><strong>aures</strong></span> 
     </span>
     <span class='ocr_line' id='line_1_21' title="bbox 805 3082 2555 3177; baseline -0.004 -24"><span class='ocrx_word' id='word_1_139' title='bbox 805 3089 997 3177; x_wconf 85' lang='lat' dir='ltr'><strong>Fruge</strong></span> <span class='ocrx_word' id='word_1_140' title='bbox 1039 3082 1365 3153; x_wconf 77' lang='lat' dir='ltr'><strong>Cleanthea.</strong></span> <span class='ocrx_word' id='word_1_141' title='bbox 1465 3084 1652 3150; x_wconf 80' lang='lat' dir='ltr'><strong>Petite</strong></span> <span class='ocrx_word' id='word_1_142' title='bbox 1702 3082 1862 3168; x_wconf 79' lang='lat' dir='ltr'><strong>hinc,</strong></span> <span class='ocrx_word' id='word_1_143' title='bbox 1909 3087 2190 3174; x_wconf 89' lang='lat' dir='ltr'><strong>puerique</strong></span> <span class='ocrx_word' id='word_1_144' title='bbox 2237 3104 2555 3172; x_wconf 86' lang='lat' dir='ltr'><strong>senesque,</strong></span> 
     </span>
     <span class='ocr_line' id='line_1_22' title="bbox 733 3200 2413 3292; baseline -0.001 -25"><span class='ocrx_word' id='word_1_145' title='bbox 733 3231 779 3267; x_wconf 63' lang='lat' dir='ltr'><strong>es</strong></span> <span class='ocrx_word' id='word_1_146' title='bbox 810 3208 1010 3279; x_wconf 85' lang='lat' dir='ltr'><strong>Finem</strong></span> <span class='ocrx_word' id='word_1_147' title='bbox 1059 3204 1250 3273; x_wconf 82' lang='lat' dir='ltr'><strong>anitno</strong></span> <span class='ocrx_word' id='word_1_148' title='bbox 1296 3213 1520 3271; x_wconf 75' lang='lat' dir='ltr'><strong>certum</strong></span> <span class='ocrx_word' id='word_1_149' title='bbox 1574 3204 1915 3292; x_wconf 85' lang='lat' dir='ltr'><strong>miserisque</strong></span> <span class='ocrx_word' id='word_1_150' title='bbox 1961 3205 2167 3269; x_wconf 84' lang='lat' dir='ltr'><strong>viatica</strong></span> <span class='ocrx_word' id='word_1_151' title='bbox 2228 3200 2413 3267; x_wconf 80' lang='lat' dir='ltr'><strong>canis!</strong></span> 
     </span>
     <span class='ocr_line' id='line_1_23' title="bbox 800 3317 2711 3410; baseline -0.004 -19"><span class='ocrx_word' id='word_1_152' title='bbox 800 3323 945 3391; x_wconf 87' lang='lat' dir='ltr'><strong>Cras</strong></span> <span class='ocrx_word' id='word_1_153' title='bbox 991 3322 1101 3392; x_wconf 82' lang='lat' dir='ltr'><strong>hoc</strong></span> <span class='ocrx_word' id='word_1_154' title='bbox 1148 3318 1249 3391; x_wconf 84' lang='lat' dir='ltr'><strong>fiet</strong></span> <span class='ocrx_word' id='word_1_155' title='bbox 1301 3317 1473 3387; x_wconf 86' lang='lat' dir='ltr'><strong>idem.</strong></span> <span class='ocrx_word' id='word_1_156' title='bbox 1572 3319 1713 3387; x_wconf 81' lang='lat' dir='ltr'><strong>Cras</strong></span> <span class='ocrx_word' id='word_1_157' title='bbox 1760 3319 1883 3386; x_wconf 85' lang='lat' dir='ltr'><strong>fiet!</strong></span> <span class='ocrx_word' id='word_1_158' title='bbox 1971 3320 2128 3401; x_wconf 84' lang='lat' dir='ltr'><strong>Quid</strong></span> <span class='ocrx_word' id='word_1_159' title='bbox 2176 3321 2341 3410; x_wconf 80' lang='lat' dir='ltr'><strong>quasi</strong></span> <span class='ocrx_word' id='word_1_160' title='bbox 2391 3318 2711 3408; x_wconf 74' lang='lat' dir='ltr'><strong>magnum?</strong></span> 
     </span>
    </p>
   </div>
   <div class='ocr_carea' id='block_1_2' title="bbox 801 3554 2556 3645">
    <p class='ocr_par' dir='ltr' id='par_1_2' title="bbox 801 3554 2556 3645">
     <span class='ocr_line' id='line_1_24' title="bbox 801 3554 2556 3645; baseline 0.001 -22"><span class='ocrx_word' id='word_1_161' title='bbox 801 3559 1024 3645; x_wconf 87' lang='lat' dir='ltr'><strong>Nempe</strong></span> <span class='ocrx_word' id='word_1_162' title='bbox 1073 3554 1229 3625; x_wconf 89' lang='lat' dir='ltr'><strong>diem</strong></span> <span class='ocrx_word' id='word_1_163' title='bbox 1270 3555 1473 3623; x_wconf 65' lang='lat' dir='ltr'><strong>Bonas.</strong></span> <span class='ocrx_word' id='word_1_164' title='bbox 1564 3555 1719 3639; x_wconf 89' lang='lat' dir='ltr'><strong>Sed,</strong></span> <span class='ocrx_word' id='word_1_165' title='bbox 1762 3576 1943 3645; x_wconf 85' lang='lat' dir='ltr'><strong>quum</strong></span> <span class='ocrx_word' id='word_1_166' title='bbox 1996 3554 2094 3625; x_wconf 84' lang='lat' dir='ltr'><strong>lux</strong></span> <span class='ocrx_word' id='word_1_167' title='bbox 2140 3555 2318 3622; x_wconf 77' lang='lat' dir='ltr'><strong>altera</strong></span> <span class='ocrx_word' id='word_1_168' title='bbox 2369 3559 2556 3643; x_wconf 86' lang='lat' dir='ltr'><strong>venit,</strong></span> 
     </span>
    </p>
   </div>
   <div class='ocr_carea' id='block_1_3' title="bbox 729 3791 2593 4359">
    <p class='ocr_par' dir='ltr' id='par_1_3' title="bbox 796 3791 2587 4000">
     <span class='ocr_line' id='line_1_25' title="bbox 796 3791 2587 3878; baseline 0.001 -17"><span class='ocrx_word' id='word_1_169' title='bbox 796 3796 926 3863; x_wconf 84' lang='lat' dir='ltr'><strong>Jam</strong></span> <span class='ocrx_word' id='word_1_170' title='bbox 978 3810 1109 3863; x_wconf 82' lang='lat' dir='ltr'><strong>cras</strong></span> <span class='ocrx_word' id='word_1_171' title='bbox 1148 3791 1480 3859; x_wconf 83' lang='lat' dir='ltr'><strong>hesternum</strong></span> <span class='ocrx_word' id='word_1_172' title='bbox 1529 3792 2018 3878; x_wconf 76' lang='lat' dir='ltr'><strong>consumpsimus3</strong></span> <span class='ocrx_word' id='word_1_173' title='bbox 2063 3810 2201 3859; x_wconf 84' lang='lat' dir='ltr'><strong>ecce</strong></span> <span class='ocrx_word' id='word_1_174' title='bbox 2249 3791 2406 3859; x_wconf 77' lang='lat' dir='ltr'><strong>aliud</strong></span> <span class='ocrx_word' id='word_1_175' title='bbox 2456 3815 2587 3867; x_wconf 83' lang='lat' dir='ltr'><strong>cras</strong></span> 
     </span>
     <span class='ocr_line' id='line_1_26' title="bbox 799 3907 2432 4000; baseline -0.001 -22"><span class='ocrx_word' id='word_1_176' title='bbox 799 3914 995 4000; x_wconf 80' lang='lat' dir='ltr'><strong>Egerit</strong></span> <span class='ocrx_word' id='word_1_177' title='bbox 1043 3910 1146 3979; x_wconf 85' lang='lat' dir='ltr'><strong>hos</strong></span> <span class='ocrx_word' id='word_1_178' title='bbox 1195 3931 1375 3979; x_wconf 72' lang='lat' dir='ltr'><strong>annos</strong></span> <span class='ocrx_word' id='word_1_179' title='bbox 1414 3922 1475 3976; x_wconf 83' lang='lat' dir='ltr'><strong>et</strong></span> <span class='ocrx_word' id='word_1_180' title='bbox 1517 3930 1748 3997; x_wconf 87' lang='lat' dir='ltr'><strong>semper</strong></span> <span class='ocrx_word' id='word_1_181' title='bbox 1797 3907 2051 3997; x_wconf 86' lang='lat' dir='ltr'><strong>paullum</strong></span> <span class='ocrx_word' id='word_1_182' title='bbox 2100 3912 2210 3974; x_wconf 87' lang='lat' dir='ltr'><strong>erit</strong></span> <span class='ocrx_word' id='word_1_183' title='bbox 2257 3909 2432 3977; x_wconf 85' lang='lat' dir='ltr'><strong>ultra:</strong></span> 
     </span>
    </p>

    <p class='ocr_par' dir='ltr' id='par_1_4' title="bbox 729 4028 2593 4359">
     <span class='ocr_line' id='line_1_27' title="bbox 729 4028 2593 4118; baseline 0.005 -29"><span class='ocrx_word' id='word_1_184' title='bbox 729 4054 779 4091; x_wconf 67' lang='lat' dir='ltr'><strong>vo</strong></span> <span class='ocrx_word' id='word_1_185' title='bbox 804 4033 978 4110; x_wconf 90' lang='lat' dir='ltr'><strong>Nam,</strong></span> <span class='ocrx_word' id='word_1_186' title='bbox 1035 4030 1304 4117; x_wconf 78' lang='lat' dir='ltr'><strong>quamvis</strong></span> <span class='ocrx_word' id='word_1_187' title='bbox 1359 4049 1535 4118; x_wconf 90' lang='lat' dir='ltr'><strong>prope</strong></span> <span class='ocrx_word' id='word_1_188' title='bbox 1580 4040 1673 4109; x_wconf 86' lang='lat' dir='ltr'><strong>te,</strong></span> <span class='ocrx_word' id='word_1_189' title='bbox 1725 4029 1992 4116; x_wconf 82' lang='lat' dir='ltr'><strong>quamvis</strong></span> <span class='ocrx_word' id='word_1_190' title='bbox 2043 4040 2269 4094; x_wconf 85' lang='lat' dir='ltr'><strong>temone</strong></span> <span class='ocrx_word' id='word_1_191' title='bbox 2313 4028 2428 4095; x_wconf 92' lang='lat' dir='ltr'><strong>sub</strong></span> <span class='ocrx_word' id='word_1_192' title='bbox 2476 4053 2593 4099; x_wconf 89' lang='lat' dir='ltr'><strong>uno</strong></span> 
     </span>
     <span class='ocr_line' id='line_1_28' title="bbox 799 4143 2316 4228; baseline -0.001 -14"><span class='ocrx_word' id='word_1_193' title='bbox 799 4149 1131 4219; x_wconf 72' lang='lat' dir='ltr'><strong>vertentem</strong></span> <span class='ocrx_word' id='word_1_194' title='bbox 1180 4167 1310 4215; x_wconf 81' lang='lat' dir='ltr'><strong>sese</strong></span> <span class='ocrx_word' id='word_1_195' title='bbox 1329 4195 1345 4227; x_wconf 89' lang='lat'>‚</span> <span class='ocrx_word' id='word_1_196' title='bbox 1388 4145 1600 4212; x_wconf 79' lang='lat' dir='ltr'><strong>fmstra</strong></span> <span class='ocrx_word' id='word_1_197' title='bbox 1650 4143 1949 4213; x_wconf 82' lang='lat' dir='ltr'><strong>sectabere</strong></span> <span class='ocrx_word' id='word_1_198' title='bbox 1997 4145 2272 4212; x_wconf 72' lang='lat' dir='ltr'><strong>eanthum</strong></span> <span class='ocrx_word' id='word_1_199' title='bbox 2301 4198 2316 4228; x_wconf 92' lang='lat'>,</span> 
     </span>
     <span class='ocr_line' id='line_1_29' title="bbox 798 4263 2496 4359; baseline -0.002 -26"><span class='ocrx_word' id='word_1_200' title='bbox 798 4266 994 4345; x_wconf 88' lang='lat' dir='ltr'><strong>Quum</strong></span> <span class='ocrx_word' id='word_1_201' title='bbox 1045 4278 1169 4337; x_wconf 67' lang='lat' dir='ltr'><strong>reta</strong></span> <span class='ocrx_word' id='word_1_202' title='bbox 1218 4264 1496 4352; x_wconf 72' lang='lat' dir='ltr'><strong>posterior</strong></span> <span class='ocrx_word' id='word_1_203' title='bbox 1533 4284 1734 4331; x_wconf 82' lang='lat' dir='ltr'><strong>curras</strong></span> <span class='ocrx_word' id='word_1_204' title='bbox 1782 4275 1843 4331; x_wconf 75' lang='lat' dir='ltr'><strong>et</strong></span> <span class='ocrx_word' id='word_1_205' title='bbox 1892 4267 1950 4330; x_wconf 92' lang='lat' dir='ltr'><strong>in</strong></span> <span class='ocrx_word' id='word_1_206' title='bbox 1987 4282 2102 4331; x_wconf 83' lang='lat' dir='ltr'><strong>axe</strong></span> <span class='ocrx_word' id='word_1_207' title='bbox 2149 4263 2419 4333; x_wconf 76' lang='lat' dir='ltr'><strong>secundo.</strong></span> <span class='ocrx_word' id='word_1_208' title='bbox 2486 4350 2496 4359; x_wconf 35' lang='grc'><strong>.</strong></span> 
     </span>
    </p>
   </div>
  </div>
 </body>
</html>
