3163 5314
870 504 953 569 36

802 730 809 738 ·
869 709 995 775 Non
1046 705 1226 794 pudet
1274 706 1345 772 ad
1397 729 1613 773 morem
1661 705 1918 773 discincti
1981 709 2178 772 vivere
2229 707 2471 774 Nat'tae?

860 825 977 891 Sed
1028 838 1224 912 stupet
1285 826 1378 891 hic
1418 829 1587 908 vitio,
1636 839 1693 889 et
1743 825 1900 890 fibris
1954 827 2195 891 increvit
2246 828 2499 913 opimum

868 946 1115 1031 Pingue:
1172 955 1330 1008 caret
1381 942 1577 1032 culpa,
1631 947 1843 1020 nescit,
1894 942 2033 1034 quid
2091 942 2319 1032 perdat,
2376 950 2434 1008 e't
2479 944 2593 1011 alto

877 1064 1182 1126 Demersus
1225 1083 1450 1126 summa
1501 1084 1727 1127 rursum
1776 1085 1883 1127 non
1938 1061 2098 1128 bullit
2160 1065 2213 1127 in
2263 1062 2432 1128 unda.

802 1205 850 1238 ³³
881 1180 1085 1267 Magne
1135 1192 1297 1266 pater
1343 1178 1572 1263 divum,
1620 1200 1812 1261 saevos
1861 1184 2063 1269 punire
2117 1194 2395 1268 tyrannos

873 1297 1038 1362 Haud
1091 1296 1198 1362 alia
1235 1301 1471 1372 ⁴ratione
1514 1297 1686 1380 velis,
1736 1320 1919 1388 quum
1968 1298 2088 1379 dira
2144 1298 2324 1364 libido
2373 1304 2380 1319 “

875 1417 1118 1482 Movet-it
1169 1418 1456 1504 ingenium
1509 1415 1754 1481 ferventi
1809 1419 1984 1481 tincta
2042 1432 2289 1483 veneno:

867 1533 1155 1617 Virtutem
1192 1532 1424 1598 videant
1462 1532 1936 1624 intabescantque
1983 1534 2194 1600 relicta.

875 1656 1037 1718 Anne
1090 1651 1268 1739 magis
1315 1651 1490 1717 Siculi
1536 1664 1880 1737 gemuerunt
1927 1674 2041 1718 aera
2089 1656 2328 1740 juvenci.

797 1793 848 1831 ιο
879 1773 949 1837 Et
995 1773 1176 1857 magis
1224 1773 1440 1835 auratis
1494 1770 1748 1860 pendens
1802 1770 2164 1860 laquearibus
2210 1779 2363 1841 ensis

881 1891 1205 1978 Purpureas
1250 1887 1453 1954 subter
1500 1891 1756 1955 cervices
1803 1892 2035 1954 terruit.
2100 1892 2280 1974 imae,

879 2009 1035 2079 lmus
1074 2009 1428 2095 praecipites,
1479 2028 1658 2095 quam
1704 2005 1903 2072 sisibi
1953 2007 2107 2073 dicat
2149 2024 2209 2074 et
2257 2015 2411 2079 intus

872 2125 1087 2192 Palleat
1140 2124 1364 2209 infelix,
1411 2125 1563 2214 quod
1619 2130 1872 2212 proxima
1929 2130 2147 2193 neoeiat
2199 2151 2394 2195 uxon·

877 2363 1048 2451 Saepe
1099 2361 1325 2445 oculm,
1377 2364 1640 2440 memini,
1695 2362 2000 2450 tangebam
2043 2385 2257 2451 parvus
2307 2366 2485 2450 oliv0,

800 2506 848 2543 ιο
886 2481 1136 2548 Grandia
1183 2484 1231 2546 si
1280 2480 1486 2546 nollem
1533 2484 1788 2545 morituri
1843 2481 2018 2546 verba
2070 2482 2301 2548 Catonis

884 2600 1105 2666 Dicere
1137 2610 1197 2664 et
1249 2602 1447 2664 insano
1502 2598 1748 2664 multum
1795 2598 2074 2666 laudanda
2131 2605 2428 2689 magistr0‚

872 2719 1022 2798 Quae
1070 2731 1232 2807 pater
1282 2716 1546 2790 adductis
1595 2717 1811 2783 sudans
1846 2717 2071 2784 audiret
2117 2717 2330 2787 amicis.

874 2839 1041 2903 June:
1092 2838 1303 2900 etenim
1357 2833 1419 2901 id
1462 2853 1787 2919 summum,
1836 2836 1975 2925 quid
2019 2836 2223 2903 dexter
2278 2844 2437 2905 senio
2483 2842 2684 2927 ferret,

875 2955 1036 3022 Scire
1084 2953 1212 3020 era't
1266 2956 1320 3018 in
1376 2967 1537 3037 voto,
1589 2953 1860 3019 damnosa
1907 2954 2163 3021 canicula
2210 2971 2489 3045 quantum

809 3096 860 3133 so
887 3071 1166 3156 [Iader-et,
1212 3083 1477 3160 angustae
1526 3069 1671 3138 collo
1721 3094 1833 3136 non
1877 3071 2057 3137 fallier
2103 3095 2288 3157 orcae,

880 3194 1006 3270 Neu
1056 3192 1201 3280 quis.
1239 3189 1492 3256 callidior
1535 3188 1755 3257 buxum
1805 3204 2072 3281 torquere
2122 3191 2360 3280 flagella

864 3308 1053 3375 'Haud
1090 3306 1193 3373 tibi
1245 3310 1607 3397 inexpertum
1656 3330 1866 3375 curvos
1916 3309 2278 3399 deprendere*
2314 3309 2530 3396 moreS,

877 3427 1143 3514 Quaeque
1190 3425 1358 3492 docet
1395 3429 1624 3516 sapiens
1674 3426 1952 3500 braccatis
1989 3423 2131 3496 'illita
2168 3428 2370 3494 'Medis
2411 3427 2414 3436 ’

889 3546 1180 3626 Por-ticuS,
1237 3545 1508 3611 insomnis
1555 3544 1768 3635 quibus
1818 3560 1878 3611 et
1928 3545 2164 3614 detonsa
2212 3547 2490 3634 juventus

808 3688 855 3723 ss
881 3660 1145 3749 Invigilat
1192 3661 1413 3751 siliquis
1463 3676 1517 3728 et
1570 3663 1768 3750 grandi
1819 3678 1981 3752 'posta
2028 3664 2289 3752 polenta3

876 3784 951 3848 Et
1003 3781 1130 3864 tibi,
1176 3787 1309 3869 quae
1347 3781 1579 3854 'Samios
1624 3780 1863 3873 deduxit
1916 3781 2073 3846 litera
2126 3805 2345 3865 ramOS,

882 3902 1223 3989 Surgentem
1281 3899 1484 3965 dextro
1532 3903 1877 3965 monstravit
1914 3900 2089 3966 limite
2128 3901 2352 3966 callem.

877 4009 1086 4086 Stertis
1127 4018 1353 4100 adhuc,
1404 4017 1718 4105 laxumque
1768 4031 1944 4106 caput
1995 4039 2273 4109 compage
2310 4018 2495 4086 soluta

883 4138 1109 4205 Oscitat
1153 4136 1486 4204 bmteruum
1532 4135 1770 4201 dissutis
1822 4136 2075 4226 undique
2127 4137 2336 4204 malis?
