3163 5314
864 523 945 587 28

868 725 1038 790 Hunc
1085 772 1098 786 .
1133 773 1187 788 ..
1239 708 1515 806 Cuinamj
1560 719 1838 785 cuinam?
1908 718 2004 784 Vis
2046 720 2251 787 Staio?
2321 724 2406 786 An
2454 719 2672 785 scilicet
2723 720 2936 803 beree,

803 984 853 1021 2⁰
877 963 1021 1042 Quis
1067 963 1247 1048 potior
1289 960 1467 1047 judex
1521 963 1790 1048 puerisve
1825 961 1955 1049 quis
2005 972 2190 1047 aptior
2218 956 2420 1023 orbis?

863 1204 986 1268 Hoc
1039 1203 1232 1288 igitur,
1282 1222 1398 1288 quo
1448 1211 1510 1262 tu
1560 1198 1720 1261 Jovis
1760 1218 1958 1262 aurem
2008 1195 2299 1284 impellere
2345 1210 2561 1279 tentaS,

866 1323 1002 1403 Dic,
1054 1319 1334 1407 agedum,
1385 1317 1567 1381 Staio:
1622 1337 1722 1402 pro
1765 1317 2015 1403 Jupiter,
2062 1337 2096 1379 o
2133 1314 2312 1393 bone,
2366 1314 2601 1395 clamet,

863 1438 1112 1528 Jupiter!
1184 1439 1259 1502 At
1308 1456 1437 1500 sese
1487 1456 1597 1499 non
1651 1433 1860 1498 clamet
1905 1434 2127 1521 Jupiter
2180 1435 2343 1521 ipse?

873 1561 1165 1646 Ignovisse
1208 1568 1406 1644 putas»,
1448 1555 1620 1642 quia,
1675 1574 1855 1641 quum
1905 1563 2091 1635 tonat,
2128 1555 2287 1618 ocius
2336 1552 2444 1619 ilex

801 1793 1159 1883 2⁵Sulphure
1207 1794 1531 1859 concutitur
1579 1811 1772 1872 sacr0,
1822 1810 1997 1879 quam
2049 1802 2228 1879 tuque
2273 1789 2639 1881 domusque?

863 2033 950 2097 An
998 2032 1130 2121 quia
1182 2054 1292 2097 non
1343 2029 1503 2097 fibris
1547 2031 1744 2094 ovium
1802 2030 2179 2117 Ergennaque
2215 2028 2454 2117 jubente

861 2271 1045 2334 Triste
1080 2269 1240 2355 jaces
1290 2266 1433 2332 lucis
1485 2266 1940 2357 evitandumque
1988 2265 2269 2351 bidental,

865 2385 1083 2452 Idcirco
1130 2384 1393 2451 stolidam
1449 2384 1669 2473 praebet
1722 2384 1823 2450 tibi
1879 2384 2091 2451 vellere
2141 2384 2377 2451 barbam

863 2505 1130 2594 Jupiter?
1174 2505 1287 2569 Aut
1342 2502 1616 2592 quidnam
1669 2518 1788 2587 ὧι,
1836 2521 1949 2593 qua
2007 2516 2070 2569 tu
2116 2504 2396 2570 mercede.
2430 2505 2674 2573 deorum

794 2765 844 2801 so
870 2744 1090 2808 Emeris
1139 2742 1470 2808 auriculas?
1570 2712 1847 2808 Pulmone
1897 2756 1958 2807 et
2004 2741 2250 2810 lactibus
2303 2748 2503 2810 unctis,

867 2862 1014 2926 Ecce
1064 2863 1192 2926 avia
1245 2874 1346 2925 aut
1402 2871 1666 2925 metuens
1715 2860 1915 2925 divum
1974 2872 2277 2927 matertera
2335 2867 2498 2928 cunis

866 2980 1093 3043 Exemit
1139 2999 1411 3067 puerum,
1445 2974 1825 3065 'frontemque
1875 2993 2050 3067 atque
2105 2979 2214 3044 uda
2265 2980 2462 3046 labella

866 3095 1065 3161 Infanti
1117 3096 1296 3182 digito
1352 3109 1410 3160 et
1464 3095 1793 3162 lustralibus
1837 3110 1973 3162 ante
2018 3097 2214 3163 salivis

864 3216 1101 3303 Expiat,
1145 3229 1379 3282 urentes
1425 3214 1620 3280 oculos
1668 3214 1924 3280 inhibere
1978 3219 2183 3304 perita:

797 3355 844 3392 ss
875 3335 1032 3399 Tunc
1095 3330 1358 3400 manibus
1406 3341 1592 3422 quatit
1640 3347 1699 3398 et
1748 3355 1910 3422 spem
1966 3356 2215 3400 macram
2263 3334 2520 3423 supplice
2573 3348 2705 3400 voto

871 3570 1040 3635 Nunc
1089 3570 1266 3636 Licini
1321 3572 1373 3635 in
1413 3592 1683 3660 campoS,
1733 3591 1886 3635 nunc
1938 3570 2125 3637 Crassi
2184 3574 2356 3637 mittit
2419 3577 2474 3637 in
2521 3572 2698 3640 aedae.

867 3688 1036 3777 Hunc
1085 3701 1244 3776 optet
1273 3710 1548 3776 generum
1602 3710 1701 3755 rex
1759 3703 1817 3755 et
1871 3693 2091 3778 regina,
2148 3689 2353 3777 puelloe

864 3910 1033 3989 Hunc
1084 3913 1347 3999 rapianu.
1382 3909 1654 3999 quiequid
1709 3908 2015 3977 calcaverit
2068 3912 2190 3991 hic‘,
2248 3933 2373 3977 rosa
2421 3910 2535 3978 fiat.

867 4031 973 4093 Ast
1019 4050 1124 4116 ego
1164 4031 1366 4094 nutrici
1413 4051 1520 4093 non
1567 4027 1777 4094 mando
1827 4043 1993 4094 vota:
2046 4043 2250 4118 negato

792 4268 840 4305 ιο
870 4247 1091 4335 Jupiter
1135 4248 1262 4316 baec
1308 4247 1414 4331 illi,
1457 4251 1726 4337 quamvis
1778 4261 1836 4314 te
1883 4247 2073 4316 albata
2120 4251 2347 4338 rogarit.
