3163 5314
873 475 954 538 38

794 705 842 737 ω
870 678 975 742 Est
1022 672 1269 762 aliquid,
1321 693 1436 759 quo
1484 670 1690 760 tendis·
1721 683 1780 735 et
1832 673 1887 735 in
1933 691 2048 759 quo
2098 671 2293 762 dirigis
2341 676 2589 743 arcum?

871 916 958 980 An
1008 912 1217 1001 passim
1264 913 1522 999 sequeris
1566 930 1770 975 corvos
1819 920 2084 998 testaque
2131 909 2367 1000 lutoque

868 1032 1150 1112 Securus,
1201 1049 1318 1116 quo
1369 1048 1470 1116 pes
1517 1027 1690 1111 feret,
1734 1041 1911 1117 atque
1959 1050 2034 1094 ex
2083 1041 2343 1116 tempore
2389 1031 2583 1096 vivis?

876 1147 1243 1215 Helleborum
1296 1144 1536 1229 frustra,
1586 1169 1769 1236 quum
1804 1148 1925 1235 jam
1981 1148 2131 1213 cutis
2180 1170 2336 1236 aegra
2393 1148 2664 1233 tumebit,

872 1269 1182 1333 Poscentes
1239 1263 1459 1329 videas:
1510 1267 1759 1331 venienti
1812 1268 2092 1331 occurrite
2145 1265 2378 1349 morbo,

797 1411 844 1447 os
871 1388 945 1451 Et
995 1383 1132 1474 quid
1182 1403 1327 1470 opus
1377 1381 1611 1448 Cratero
1662 1404 1899 1472 magnos
1949 1386 2278 1471 promittere
2323 1385 2589 1451 montes?

879 1504 1140 1582 Discite,-
1178 1523 1214 1566 o
1262 1504 1481 1584 miseri,
1527 1515 1589 1567 et
1639 1522 1844 1567 causes
1888 1504 2212 1589 cognoscite
2265 1522 2484 1567 rerum:

871 1620 1027 1700 Quid
1076 1641 1280 1685 sumus
1327 1632 1430 1685 aut
1476 1618 1750 1709 quidnam
1802 1622 2008 1685 victuri
2057 1619 2392 1709 gignimur?
2465 1618 2624 1687 Ordo

876 1740 1021 1819 Quis
1065 1737 1237 1804 datus
1286 1751 1389 1804 aut
1447 1750 1621 1805 metae
1654 1759 1830 1827 quam
1881 1736 2065 1804 mollis
2116 1737 2304 1804 flexus
2357 1750 2418 1802 et
2469 1738 2665 1804 unde?

876 1981 1022 2060 Quis
1071 1975 1279 2043 modus
1319 1984 1584 2063 argento,
1628 1973 1767 2062 quid
1820 1973 1907 2040 fas
1952 1972 2202 2063 optare?
2271 1972 2425 2052 Quid
2479 1995 2649 2064 aspa

800 2245 850 2283 vo
881 2213 1033 2283 Utile
1082 2233 1355 2278 nummus
1404 2208 1609 2287 habet,
1661 2210 1861 2296 petriae
1910 2208 2175 2297 carisque
2228 2210 2558 2300 propinquis

875 2334 1171 2413 Quantum
1220 2330 1443 2418 elargiri
1490 2326 1744 2393 deceat?
1819 2325 2006 2404 Quem
2055 2338 2113 2391 te
2145 2328 2322 2397 ,Deus
2369 2350 2499 2395 esse

875 2454 1086 2534 Jussit,
1133 2462 1195 2515 et
1244 2450 1492 2515 humana
1542 2466 1658 2535 qua
1709 2456 1874 2535 parte
1922 2443 2142 2511 locatus
2182 2465 2248 2511 es
2302 2448 2359 2512 in
2406 2449 2514 2513 re?

856 2692 1080 2769 Disce,
1133 2706 1322 2775 neque
1372 2682 1661 2765 invideaS‚
1703 2680 1859 2771 quod
1906 2677 2089 2745 multa
2139 2679 2326 2749 fidelia
2374 2696 2537 2773 putet

877 2926 944 2990 In
999 2917 1281 3008 locuplete
1334 2938 1489 3006 penu
1534 2916 1785 2984 defensis
1838 2914 2144 3005 pinguibus
2198 2915 2462 3002 Umbris,

803 3069 850 3104 π
878 3043 955 3108 Et
999 3042 1160 3129 piper
1209 3048 1268 3103 et
1318 3056 1546 3125 pernae,
1594 3036 1765 3100 Marsi
1817 3047 2187 3104 monumenta
2231 3036 2482 3121 clienti3‚

879 3161 1179 3246 Maenaque
1223 3154 1377 3246 quod
1429 3156 1613 3243 prima
1669 3151 1921 3220 nondum
1966 3152 2240 3219 defecerit
2285 3176 2434 3221 orca.

881 3278 991 3343 Hic
1040 3275 1246 3365 aliquis
1288 3273 1363 3340 de
1410 3285 1581 3361 gente
1632 3271 1853 3338 hircosa
1907 3269 2317 3338 Centurionum

758 3385 761 3390 ’
881 3397 1076 3460 Dicat:
1152 3389 1353 3471 ”Quod
1396 3393 1535 3456 satis
1586 3402 1704 3471 est,
1747 3391 1909 3477 sepio
1963 3390 2116 3455 mihi.
2218 3392 2345 3458 Non
2396 3414 2503 3481 ego
2552 3415 2691 3461 curo

883 3513 1051 3593 Esse,
1099 3510 1255 3600 quod
1302 3507 1625 3575 Archesilas
1679 3510 2103 3598 aerumnosique
2155 3508 2391 3576 Salones

811 3653 863 3690 so
886 3629 1133 3716 Obstipo
1184 3629 1372 3715 capite
1422 3640 1482 3691 et
1532 3624 1770 3713 figentes
1817 3625 2031 3693 lumine
2082 3639 2321 3711 terram,

885 3751 1183 3816 Murmura
1227 3767 1408 3836 quum
1456 3765 1656 3812 secum
1703 3756 1763 3810 et
1814 3743 2036 3811 rabiosa
2077 3745 2301 3812 silentia
2352 3745 2559 3813 rodunt

884 3988 1074 4073 Atque
1124 3994 1459 4071 exporrecto
1511 3984 1861 4049 trutinantur
1913 3977 2089 4046 verba
2139 3977 2341 4048 labello

887 4104 1114 4191 Aegroti
1162 4103 1375 4172 veteris
1426 4100 1768 4170 meditantes
1809 4101 2053 4168 somnia:
2101 4101 2254 4187 gigni
