3163 5314
806 441 890 509 ⁴4

808 629 958 695 Nam
1004 628 1210 696 Romae
1253 631 1386 719 quis
1436 650 1547 695 non
1604 627 1749 692 --'?
1849 629 1937 694 Ac
1985 628 2034 692 si
2086 626 2174 693 fas
2221 627 2431 695 dicere.
2526 630 2643 696 Sed
2697 631 2787 697 fas

808 746 985 829 Tunc,
1042 768 1226 835 quum
1283 744 1359 812 ad
1409 747 1785 812 canitiem·et
1839 756 2098 810 nostrum
2149 744 2305 812 istud
2359 749 2559 812 vivere
2611 750 2777 815 triste

711 886 760 924 m
811 864 1044 951 Aspexi‚
1086 883 1159 928 ac
1207 862 1454 930 nucibus
1506 863 1750 928 facimus
1801 881 2170 951 quaecunque
2227 862 2460 947 relictiS,

810 980 1008 1058 Quum
1059 983 1319 1071 sapimus
1367 977 1620 1070 patruoe'
1667 991 1823 1062 tunc,
1873 992 2015 1044 tunc
2066 982 2345 1067 ignoscite
2394 983 2620 1065 »Nolo»,

809 1097 964 1175 Quid
1015 1097 1267 1164 faciam?
1367 1098 1484 1164 Sed
1540 1119 1674 1163 sum
1730 1095 2011 1185 petulanti
2059 1095 2262 1186 splene
2311 1099 2609 1168 cachinno.

807 1215 1128 1283 Scribimus
1179 1213 1399 1297 inclusi,
1447 1234 1721 1279 numeros
1772 1210 1882 1295 ille,
1933 1213 2026 1278 bic
2079 1215 2229 1304 pede
2278 1214 2438 1301 liber,

807 1330 1043 1417 Gra-nde
1093 1330 1327 1422 aliquid,
1377 1330 1534 1420 quod
1584 1330 1780 1420 pulmo
1825 1333 2036 1396 animm
2087 1331 2405 1423 praelargus
2427 1386 2432 1391 .
2454 1334 2703 1403 anhelet.

708 1472 755 1510 ιε
804 1449 1039 1517 Scilicet
1090 1450 1220 1516 haec
1263 1448 1474 1539 populo
1518 1469 1824 1541 pexusque
1877 1460 2126 1538 togaque
2178 1455 2395 1518 recenti

730 1614 739 1623 -
807 1568 884 1633 Et
928 1566 1193 1635 natalicia
1246 1567 1481 1634 tandem
1534 1588 1671 1633 cum
1707 1566 2073 1656 sardonyche
2117 1566 2288 1634 albus

805 1685 959 1752 Sede
1008 1684 1205 1773 legens
1256 1683 1428 1767 celsa,
1482 1683 1700 1775 liquido
1752 1706 1936 1772 quum
1987 1683 2296 1774 plasmate·
2320 1699 2525 1775 guttur

807 1802 1019 1869 Mobile
1064 1801 1345 1885 collueri3‚
1395 1806 1646 1892 patranti
1696 1802 1914 1869 fractus
1955 1803 2157 1887 ocello,

810 1921 920 1986 Hic
975 1941 1164 2010 neque
1214 1941 1375 1987 more
1425 1917 1605 2008 probo
1659 1918 1860 1989 videas
1909 1940 2018 1985 nec
2078 1941 2223 1985 voce
2273 1941 2479 1987 serena

713 2060 767 2097 ιο
813 2039 1086 2125 Ingentes
1136 2036 1426 2125 trepidare
1477 2039 1648 2119 Titos,
1693 2058 1877 2126 quum
1929 2038 2189 2104 carmina
2245 2037 2510 2107 lumbum

802 2156 1027 2221 Intrant
1070 2168 1132 2221 et
1183 2152 1431 2221 tremulo
1478 2152 1819 2244 scalpuntur
1868 2153 1970 2221 ubi
2023 2157 2223 2222 intima
2276 2178 2452 2223 versu

807 2275 947 2358 Tun,
1003 2271 1215 2361 vetule,
1260 2271 1538 2339 auriculis
1588 2270 1789 2337 alienis
1838 2271 2056 2360 colligis
2106 2295 2288 2357 escaS,

807 2390 1113 2477 AuriculiS,
1161 2389 1376 2480 quibus
1432 2402 1491 2455 et
1542 2388 1701 2455 dicas
1748 2405 1884 2455 cute
1937 2390 2216 2478 perditae,
2271 2393 2406 2460 ohe!

805 2508 938 2586 Quo
989 2506 1280 2590 didicisse,
1332 2508 1441 2572 nisi
1492 2505 1606 2572 hoc
1655 2506 2004 2574 fermentum
2057 2522 2117 2575 et
2166 2533 2303 2600 quae
2348 2511 2530 2579 semel
2579 2515 2736 2579 intus

707 2648 757 2686 ιε
807 2627 1010 2693 Innata
1063 2639 1171 2709 est,
1215 2636 1386 2716 rupto
1430 2624 1624 2711 jecore
1672 2626 1877 2692 exierit
1926 2625 2277 2716 caprificus?

808 2745 899 2810 En
946 2741 1128 2832 pallor
1179 2741 1549 2830 seniumque!
1609 2742 1665 2808 Ο
1714 2744 1930 2809 mores!
1998 2741 2197 2833 Usque
2245 2743 2501 2811 adeone¹

806 2862 973 2928 Scire
1025 2873 1191 2928 tuum
1243 2858 1407 2946 nibil
1431 2861 1718 2956 &Etjlsl-
1753 2863 2012 2955 {fijfilfff
2060 2861 2169 2954 hoc
2212 2865 2359 2959 sciat
2402 2862 2576 2931 alter!

816 2937 1089 2954 *θμ-ψ-ψ-α
1100 2935 1319 2947 r-a——w-Q--o

809 2982 887 3045 At
937 2977 1243 3068 pulchrum
1291 2989 1383 3043 est
1437 2976 1617 3064 digito
1665 2980 1972 3045 monstrari
2021 2991 2082 3044 et
2127 2957 2352 3046 dicier:⁴
2386 2981 2496 3049 Hic
2545 2998 2652 3051 est.

811 3099 931 3163 'l'en
980 3097 1323 3163 cirratorum
1378 3108 1617 3160 centum
1670 3094 1884 3162 dictata
1935 3096 2114 3162 fuisse

709 3239 760 3277 ao
807 3218 920 3282 Pro
967 3212 1143 3279 nihilo
1187 3211 1453 3302 pendas?
1555 3212 1710 3277 Ecce
1763 3215 1912 3279 inter
1960 3212 2164 3302 pocula
2215 3229 2489 3303 quaerunt

809 3329 1135 3398 Romulidae
1176 3331 1377 3410 saturi,
1429 3327 1572 3418 quid
1623 3327 1717 3395 dia
1772 3339 2035 3418 poemata
2088 3341 2340 3400 narrent.

811 3451 925 3517 Hic
972 3448 1195 3538 aliquis,
1245 3443 1341 3513 cui
1392 3448 1614 3512 circum
1661 3446 1933 3514 humeros
1977 3446 2350 3536 hyacinthina
2405 3446 2549 3514 laena
2602 3464 2710 3536 eet,

809 3565 1199 3634 Rancidulum
1238 3563 1514 3654 quiddam
1568 3561 1739 3631 balba
1786 3564 1861 3632 de
1904 3585 2044 3631 nare
2085 3563 2313 3630 locutus

814 3683 1129 3774 Phyllidas,
1178 3680 1536 3772 Hypsipyles
1585 3693 1789 3747 vatum
1841 3695 1901 3747 et
1955 3679 2230 3771 plorabile
2276 3683 2324 3746 si
2376 3680 2518 3771 quid

629 3809 639 3817 '
711 3828 762 3865 ει
814 3803 1046 3892 Eliquat
1096 3822 1168 3868 ac
1217 3812 1416 3866 tenero
1460 3796 1798 3887 supplantat
1848 3797 2031 3866 verba
2087 3797 2278 3887 palato

712 3949 715 3950 *
813 3921 1139 3990 Adsensere
1194 3919 1317 3983 viri.
1391 3918 1566 3983 Nunc
1615 3936 1729 3980 non
1781 3917 1924 3981 cinis
1976 3914 2070 3982 ille
2118 3930 2307 4006 poetae

813 4037 995 4121 Felix,
1046 4051 1159 4102 nou
1209 4033 1390 4099 levior
1444 4034 1651 4123 cippus
1703 4054 1860 4099 nunc
1909 4036 2184 4124 imprimit
2229 4032 2406 4101 ossa?

813 4154 1084 4222 Laudant
1126 4151 1408 4218 convivae.
1494 4152 1668 4219 Nunc
1715 4172 1829 4218 uon
1876 4173 1913 4218 e
1959 4150 2227 4220 manibus
2275 4150 2387 4219 illis
