3163 5314
902 468 983 534 34

900 669 1031 734 Huc
1078 667 1310 759 aliquis!
1389 675 1610 741 Nemon
1626 669 1691 740 Τ
1743 677 2035 765 Turgesoit
2086 681 2264 747 vitrea
2319 677 2465 745 bilis.
2537 706 2542 715 *

896 909 1184 980 ’'Fiudor.'’
1283 909 1361 978 Ut
1412 912 1673 979 Aroadiae
1717 918 1981 1003 pecuaria
2031 917 2237 983 rudere
2286 918 2457 984 dicas.

828 1177 870 1215 ιο
895 1159 1021 1222 Jam
1075 1152 1219 1219 liber
1266 1165 1326 1218 et
1374 1153 1570 1241 positis
1624 1150 1834 1218 bicolor
1884 1151 2217 1221 membrana
2270 1153 2487 1244 capillis

886 1278 1068 1363 lnque
1120 1291 1326 1336 manus
1369 1270 1588 1337 chartae
1633 1269 1958 1361 nodosaque
2008 1276 2164 1338 venit
2203 1271 2438 1339 arundo.

886 1397 1030 1460 Tum
1075 1391 1398 1480 querimur,
1448 1410 1678 1455 crassus
1732 1389 1951 1456 calamo
1998 1392 2152 1481 quod
2202 1393 2449 1482 pendeat
2499 1394 2738 1475 humor,

886 1634 1057 1718 Nigra
1111 1627 1264 1718 quod
1317 1627 1498 1694 infusa
1550 1642 1825 1693 vanoecat
1870 1632 2026 1719 sepia
2082 1630 2346 1721 lympha,

889 1867 1139 1948 DilutaS,
1184 1869 1513 1956 querimur,
1567 1867 1820 1954 geminet
1859 1867 2013 1956 quod
2060 1867 2246 1937 fistula
2301 1885 2511 1960 guttaS.

815 1988 940 2054 1⁵0
987 1989 1161 2052 miser
1211 1987 1385 2074 inque
1433 1983 1556 2050 dies
1607 1985 1753 2051 ultra
1807 1988 2010 2070 miser,
2062 1987 2269 2055 hucine
2317 2013 2510 2058 rerum

882 2103 1204 2173 Venimus?
1254 2107 1329 2170 At
1380 2125 1485 2169 our
1527 2126 1636 2168 non
1691 2109 1878 2193 potius
1929 2118 2239 2196 teneroque
2289 2108 2558 2177 columbo

882 2227 956 2291 Et
1003 2222 1202 2289 similis
1256 2244 1454 2310 regum
1508 2226 1700 2310 pueris
1754 2244 2004 2312 pappare
2053 2227 2337 2292 minutum

879 2344 1078 2409 Poscis
1120 2353 1182 2406 et
1224 2343 1404 2405 iratus
1451 2361 1721 2407 mammae
1772 2340 1962 2408 lallare
2017 2344 2290 2411 recusas?

874 2458 996 2529 ”An
1048 2460 1146 2527 tali
1196 2459 1461 2526 studeam
1512 2459 1731 2525 calamo
1746 2455 1810 2547 ‘F’
1859 2460 1963 2526 Cui
2014 2461 2238 2527 verba?
2283 2462 2436 2540 Quid
2489 2466 2626 2528 istas

806 2712 854 2746 20
882 2684 1140 2750 Succiuis
1188 2679 1508 2768 ambages?
1578 2678 1698 2748 Tibi
1753 2680 1993 2764 luditur,
2046 2683 2234 2750 effluis
2283 2707 2500 2753 amens,

873 2800 1280 2867 Contemnere:
1325 2811 1492 2865 sonat
1545 2801 1750 2865 vitium
1799 2821 2095 2890 percussa,
2146 2803 2391 2892 maligne

867 3036 1196 3127 Respondet
1247 3035 1412 3101 viridi
1463 3058 1573 3103 uon
1621 3048 1780 3101 cocta
1833 3035 2018 3103 fidelia
2060 3037 2209 3105 limo.

866 3257 1058 3325 Udum
1111 3269 1171 3322 et
1217 3254 1385 3322 molle
1430 3254 1615 3321 lutum
1669 3279 1757 3323 es:
1806 3280 1985 3341 nuno,
2037 3282 2190 3326 nunc
2227 3263 2617 3351 properandus
2668 3278 2730 3331 et
2783 3273 2912 3335 acri

865 3374 1190 3463 Fingendus
1235 3377 1359 3440 sine
1407 3374 1519 3440 fine
1567 3387 1706 3441 rota.
1762 3431 1766 3436 .
1806 3376 1922 3444 Sed
1976 3400 2108 3444 rure
2154 3393 2391 3478 paterno

791 3517 838 3553 225
867 3495 972 3559 Est
1024 3491 1125 3562 tibi
1173 3491 1258 3558 far
1306 3492 1622 3575 modicum,
1675 3514 1883 3581 purum
1934 3509 1993 3562 et
2037 3499 2164 3562 siue
2212 3497 2337 3564 labe
2386 3497 2628 3568 salinum
2678 3542 2782 3557 —

861 3611 1013 3692 Quid
1069 3610 1339 3677 metuas?
1396 3649 1480 3660 —-
1540 3608 1865 3701 cultrixque
1917 3614 2023 3680 foci
2077 3637 2279 3684 secura
2328 3617 2549 3706 patella.

864 3733 999 3808 Hoc
1046 3728 1234 3797 satis?
1312 3730 1400 3793 Au
1450 3726 1652 3794 deceat
1709 3730 2033 3819 pulmonem
2086 3757 2352 3824 rumpere
2403 3741 2620 3820 ventiS,

856 3970 1174 4034 Stemmate
1217 3966 1371 4057 quod
1418 3969 1601 4032 Tusco
1648 3989 1868 4033 ramum
1917 3970 2212 4038 millesime
2262 3973 2460 4058 duciS,

857 4087 1240 4154 Censoremve
1285 4098 1448 4152 tuum
1500 4084 1593 4151 vel
1640 4087 1793 4176 quod
1848 4087 2103 4155 trabeate
2152 4091 2415 4160 salutas?

780 4229 829 4267 3⁰
859 4207 945 4273 Ad
996 4206 1269 4296 populum
1313 4203 1603 4292 phaleras!
1679 4207 1795 4293 Ego
1845 4220 1903 4272 te
1955 4209 2108 4276 intus
2157 4223 2216 4275 et
2266 4213 2320 4275 in
2366 4224 2500 4278 cute
2545 4218 2697 4280 novi.
